
   <marc:record>
      <marc:leader>     cam a22        4500</marc:leader>
      <marc:controlfield tag="001">038701308</marc:controlfield>
      <marc:controlfield tag="003">DE-576</marc:controlfield>
      <marc:controlfield tag="005">20201210103605.0</marc:controlfield>
      <marc:controlfield tag="007">tu</marc:controlfield>
      <marc:controlfield tag="008">940427s1994    xx ||||| m    00| ||ger c</marc:controlfield>
      <marc:datafield tag="015" ind1=" " ind2=" ">
         <marc:subfield code="a">93,N36,0555</marc:subfield>
         <marc:subfield code="2">dnb</marc:subfield>
      </marc:datafield>
      <marc:datafield tag="016" ind1="7" ind2=" ">
         <marc:subfield code="a">931319145</marc:subfield>
         <marc:subfield code="2">DE-101</marc:subfield>
      </marc:datafield>
      <marc:datafield tag="020" ind1=" " ind2=" ">
         <marc:subfield code="a">3631463367</marc:subfield>
         <marc:subfield code="9">3-631-46336-7</marc:subfield>
      </marc:datafield>
      <marc:datafield tag="035" ind1=" " ind2=" ">
         <marc:subfield code="a">(DE-627)277966876</marc:subfield>
      </marc:datafield>
      <marc:datafield tag="035" ind1=" " ind2=" ">
         <marc:subfield code="a">(DE-576)038701308</marc:subfield>
      </marc:datafield>
      <marc:datafield tag="035" ind1=" " ind2=" ">
         <marc:subfield code="a">(DE-599)GBV277966876</marc:subfield>
      </marc:datafield>
      <marc:datafield tag="035" ind1=" " ind2=" ">
         <marc:subfield code="a">(OCoLC)246930084</marc:subfield>
      </marc:datafield>
      <marc:datafield tag="035" ind1=" " ind2=" ">
         <marc:subfield code="a">(OCoLC)31267216</marc:subfield>
      </marc:datafield>
      <marc:datafield tag="040" ind1=" " ind2=" ">
         <marc:subfield code="a">DE-576</marc:subfield>
         <marc:subfield code="b">ger</marc:subfield>
         <marc:subfield code="c">DE-576</marc:subfield>
         <marc:subfield code="e">rakwb</marc:subfield>
      </marc:datafield>
      <marc:datafield tag="041" ind1=" " ind2=" ">
         <marc:subfield code="a">ger</marc:subfield>
      </marc:datafield>
      <marc:datafield tag="084" ind1=" " ind2=" ">
         <marc:subfield code="a">AP 85443</marc:subfield>
         <marc:subfield code="2">rvk</marc:subfield>
         <marc:subfield code="0">(DE-625)rvk/8054:702</marc:subfield>
      </marc:datafield>
      <marc:datafield tag="084" ind1=" " ind2=" ">
         <marc:subfield code="a">AP 85445</marc:subfield>
         <marc:subfield code="2">rvk</marc:subfield>
         <marc:subfield code="0">(DE-625)rvk/8054:704</marc:subfield>
      </marc:datafield>
      <marc:datafield tag="084" ind1=" " ind2=" ">
         <marc:subfield code="a">LC 88290</marc:subfield>
         <marc:subfield code="2">rvk</marc:subfield>
         <marc:subfield code="0">(DE-625)rvk/90700:860</marc:subfield>
      </marc:datafield>
      <marc:datafield tag="084" ind1=" " ind2=" ">
         <marc:subfield code="a">LS 20750</marc:subfield>
         <marc:subfield code="2">rvk</marc:subfield>
         <marc:subfield code="0">(DE-625)rvk/109947:2167</marc:subfield>
      </marc:datafield>
      <marc:datafield tag="100" ind1="1" ind2=" ">
         <marc:subfield code="a">Hoerburger, Felix</marc:subfield>
         <marc:subfield code="d">1916-1997</marc:subfield>
         <marc:subfield code="0">(DE-588)118552163</marc:subfield>
         <marc:subfield code="0">(DE-627)079349862</marc:subfield>
         <marc:subfield code="0">(DE-576)161452655</marc:subfield>
         <marc:subfield code="4">aut</marc:subfield>
      </marc:datafield>
      <marc:datafield tag="245" ind1="1" ind2="0">
         <marc:subfield code="a">Valle popullore</marc:subfield>
         <marc:subfield code="b">Tanz und Tanzmusik der Albaner im Kosovo und in Makedonien</marc:subfield>
         <marc:subfield code="c">Felix Hoerburger. [Hrsg. Thomas Emmerig]</marc:subfield>
      </marc:datafield>
      <marc:datafield tag="264" ind1=" " ind2="1">
         <marc:subfield code="a">Frankfurt am Main</marc:subfield>
         <marc:subfield code="a">Berlin</marc:subfield>
         <marc:subfield code="a">Bern</marc:subfield>
         <marc:subfield code="a">New York</marc:subfield>
         <marc:subfield code="a">Paris</marc:subfield>
         <marc:subfield code="a">Wien</marc:subfield>
         <marc:subfield code="b">Lang</marc:subfield>
         <marc:subfield code="c">1994</marc:subfield>
      </marc:datafield>
      <marc:datafield tag="300" ind1=" " ind2=" ">
         <marc:subfield code="a">286 S.</marc:subfield>
         <marc:subfield code="b">Ill., zahlr. Notenbeisp.</marc:subfield>
      </marc:datafield>
      <marc:datafield tag="336" ind1=" " ind2=" ">
         <marc:subfield code="a">Text</marc:subfield>
         <marc:subfield code="b">txt</marc:subfield>
         <marc:subfield code="2">rdacontent</marc:subfield>
      </marc:datafield>
      <marc:datafield tag="337" ind1=" " ind2=" ">
         <marc:subfield code="a">ohne Hilfsmittel zu benutzen</marc:subfield>
         <marc:subfield code="b">n</marc:subfield>
         <marc:subfield code="2">rdamedia</marc:subfield>
      </marc:datafield>
      <marc:datafield tag="338" ind1=" " ind2=" ">
         <marc:subfield code="a">Band</marc:subfield>
         <marc:subfield code="b">nc</marc:subfield>
         <marc:subfield code="2">rdacarrier</marc:subfield>
      </marc:datafield>
      <marc:datafield tag="502" ind1=" " ind2=" ">
         <marc:subfield code="a">Teilw. zugl.: Erlangen Nürnberg, Univ., Habil.-Schr., 1963 u.d.T.: Hoerburger, Felix: Tanz und Tanzmusik im Bereich der Albaner Jugoslawiens unter besonderer Berücksichtigung der Musik auf Schalmei und Trommel</marc:subfield>
      </marc:datafield>
      <marc:datafield tag="583" ind1="1" ind2=" ">
         <marc:subfield code="a">Archivierung/Langzeitarchivierung geplant</marc:subfield>
         <marc:subfield code="c">20200919</marc:subfield>
         <marc:subfield code="f">DE-640</marc:subfield>
         <marc:subfield code="z">2</marc:subfield>
         <marc:subfield code="2">pdager</marc:subfield>
      </marc:datafield>
      <marc:datafield tag="591" ind1=" " ind2=" ">
         <marc:subfield code="a">5090 maschinell aus ähnlichen Titelaufnahmen ergänzt ; IMD-Felder und 1131 maschinell ergänzt (SWB)</marc:subfield>
      </marc:datafield>
      <marc:datafield tag="655" ind1=" " ind2="7">
         <marc:subfield code="a">Hochschulschrift</marc:subfield>
         <marc:subfield code="0">(DE-588)4113937-9</marc:subfield>
         <marc:subfield code="0">(DE-627)105825778</marc:subfield>
         <marc:subfield code="0">(DE-576)209480580</marc:subfield>
         <marc:subfield code="2">gnd-content</marc:subfield>
      </marc:datafield>
      <marc:datafield tag="689" ind1="0" ind2="0">
         <marc:subfield code="D">g</marc:subfield>
         <marc:subfield code="0">(DE-588)4032571-4</marc:subfield>
         <marc:subfield code="0">(DE-627)106261258</marc:subfield>
         <marc:subfield code="0">(DE-576)208997520</marc:subfield>
         <marc:subfield code="a">Kosovo</marc:subfield>
         <marc:subfield code="2">gnd</marc:subfield>
      </marc:datafield>
      <marc:datafield tag="689" ind1="0" ind2="1">
         <marc:subfield code="D">s</marc:subfield>
         <marc:subfield code="0">(DE-588)4188556-9</marc:subfield>
         <marc:subfield code="0">(DE-627)105263745</marc:subfield>
         <marc:subfield code="0">(DE-576)210053666</marc:subfield>
         <marc:subfield code="a">Volkstanzmusik</marc:subfield>
         <marc:subfield code="2">gnd</marc:subfield>
      </marc:datafield>
      <marc:datafield tag="689" ind1="0" ind2="2">
         <marc:subfield code="D">s</marc:subfield>
         <marc:subfield code="0">(DE-588)4068517-2</marc:subfield>
         <marc:subfield code="0">(DE-627)104483679</marc:subfield>
         <marc:subfield code="0">(DE-576)209174013</marc:subfield>
         <marc:subfield code="a">Albaner</marc:subfield>
         <marc:subfield code="2">gnd</marc:subfield>
      </marc:datafield>
      <marc:datafield tag="689" ind1="0" ind2=" ">
         <marc:subfield code="5">DE-101</marc:subfield>
      </marc:datafield>
      <marc:datafield tag="689" ind1="1" ind2="0">
         <marc:subfield code="D">g</marc:subfield>
         <marc:subfield code="0">(DE-588)1181214262</marc:subfield>
         <marc:subfield code="0">(DE-627)1662427077</marc:subfield>
         <marc:subfield code="a">Nordmazedonien</marc:subfield>
         <marc:subfield code="2">gnd</marc:subfield>
      </marc:datafield>
      <marc:datafield tag="689" ind1="1" ind2="1">
         <marc:subfield code="D">s</marc:subfield>
         <marc:subfield code="0">(DE-588)4188556-9</marc:subfield>
         <marc:subfield code="0">(DE-627)105263745</marc:subfield>
         <marc:subfield code="0">(DE-576)210053666</marc:subfield>
         <marc:subfield code="a">Volkstanzmusik</marc:subfield>
         <marc:subfield code="2">gnd</marc:subfield>
      </marc:datafield>
      <marc:datafield tag="689" ind1="1" ind2="2">
         <marc:subfield code="D">s</marc:subfield>
         <marc:subfield code="0">(DE-588)4068517-2</marc:subfield>
         <marc:subfield code="0">(DE-627)104483679</marc:subfield>
         <marc:subfield code="0">(DE-576)209174013</marc:subfield>
         <marc:subfield code="a">Albaner</marc:subfield>
         <marc:subfield code="2">gnd</marc:subfield>
      </marc:datafield>
      <marc:datafield tag="689" ind1="1" ind2=" ">
         <marc:subfield code="5">DE-101</marc:subfield>
      </marc:datafield>
      <marc:datafield tag="751" ind1=" " ind2=" ">
         <marc:subfield code="a">Erlangen Nürnberg</marc:subfield>
         <marc:subfield code="4">uvp</marc:subfield>
      </marc:datafield>
      <marc:datafield tag="850" ind1=" " ind2=" ">
         <marc:subfield code="a">ab</marc:subfield>
      </marc:datafield>
      <marc:datafield tag="935" ind1=" " ind2=" ">
         <marc:subfield code="i">Blocktest</marc:subfield>
      </marc:datafield>
      <marc:datafield tag="936" ind1="r" ind2="v">
         <marc:subfield code="a">AP 85443</marc:subfield>
         <marc:subfield code="b">Albanien</marc:subfield>
         <marc:subfield code="k">Allgemeines</marc:subfield>
         <marc:subfield code="k">Medien- und Kommunikationswissenschaften, Kommunikationsdesign</marc:subfield>
         <marc:subfield code="k">Tanz</marc:subfield>
         <marc:subfield code="k">Volkstanz</marc:subfield>
         <marc:subfield code="k">Volkstänze in einzelnen Ländern</marc:subfield>
         <marc:subfield code="k">Europa</marc:subfield>
         <marc:subfield code="k">Osteuropa, Slawischer Kulturkreis</marc:subfield>
         <marc:subfield code="k">Südosteuropa</marc:subfield>
         <marc:subfield code="k">Albanien</marc:subfield>
         <marc:subfield code="0">(DE-627)1273381130</marc:subfield>
         <marc:subfield code="0">(DE-625)rvk/8054:702</marc:subfield>
         <marc:subfield code="0">(DE-576)203381130</marc:subfield>
      </marc:datafield>
      <marc:datafield tag="936" ind1="r" ind2="v">
         <marc:subfield code="a">AP 85445</marc:subfield>
         <marc:subfield code="b">Jugoslawien und Nachfolgestaaten</marc:subfield>
         <marc:subfield code="k">Allgemeines</marc:subfield>
         <marc:subfield code="k">Medien- und Kommunikationswissenschaften, Kommunikationsdesign</marc:subfield>
         <marc:subfield code="k">Tanz</marc:subfield>
         <marc:subfield code="k">Volkstanz</marc:subfield>
         <marc:subfield code="k">Volkstänze in einzelnen Ländern</marc:subfield>
         <marc:subfield code="k">Europa</marc:subfield>
         <marc:subfield code="k">Osteuropa, Slawischer Kulturkreis</marc:subfield>
         <marc:subfield code="k">Südosteuropa</marc:subfield>
         <marc:subfield code="k">Jugoslawien und Nachfolgestaaten</marc:subfield>
         <marc:subfield code="0">(DE-627)1273381157</marc:subfield>
         <marc:subfield code="0">(DE-625)rvk/8054:704</marc:subfield>
         <marc:subfield code="0">(DE-576)203381157</marc:subfield>
      </marc:datafield>
      <marc:datafield tag="936" ind1="r" ind2="v">
         <marc:subfield code="a">LC 88290</marc:subfield>
         <marc:subfield code="b">Albanien u. Kosovo</marc:subfield>
         <marc:subfield code="k">Ethnologie</marc:subfield>
         <marc:subfield code="k">Kunst und Wissen</marc:subfield>
         <marc:subfield code="k">Theater-, Musik- und Kunstethnologie</marc:subfield>
         <marc:subfield code="k">Tanz</marc:subfield>
         <marc:subfield code="k">Europa</marc:subfield>
         <marc:subfield code="k">Osteuropa</marc:subfield>
         <marc:subfield code="k">Südosteuropa</marc:subfield>
         <marc:subfield code="k">Albanien u. Kosovo</marc:subfield>
         <marc:subfield code="0">(DE-627)127475299X</marc:subfield>
         <marc:subfield code="0">(DE-625)rvk/90700:860</marc:subfield>
         <marc:subfield code="0">(DE-576)20475299X</marc:subfield>
      </marc:datafield>
      <marc:datafield tag="936" ind1="r" ind2="v">
         <marc:subfield code="a">LS 20750</marc:subfield>
         <marc:subfield code="b">Albaner</marc:subfield>
         <marc:subfield code="k">Musikwissenschaft</marc:subfield>
         <marc:subfield code="k">I. Musica theoretica</marc:subfield>
         <marc:subfield code="k">Musikalische Volks- und Völkerkunde: Musica theoretica</marc:subfield>
         <marc:subfield code="k">Volksmusik in Europa und Amerika -  Theoretica</marc:subfield>
         <marc:subfield code="k">1. Allgemeines, mehrere Gattungen (z.B. Tanz und Lied)</marc:subfield>
         <marc:subfield code="k">Mehrere Gattungen in der nationalen Tradition</marc:subfield>
         <marc:subfield code="k">Völker mit indogermanischen Sprachen</marc:subfield>
         <marc:subfield code="k">Albaner</marc:subfield>
         <marc:subfield code="0">(DE-627)1271438895</marc:subfield>
         <marc:subfield code="0">(DE-625)rvk/109947:2167</marc:subfield>
         <marc:subfield code="0">(DE-576)201438895</marc:subfield>
      </marc:datafield>
      <marc:datafield tag="951" ind1=" " ind2=" ">
         <marc:subfield code="a">BO</marc:subfield>
      </marc:datafield>
   </marc:record>