
   <marc:record>
      <marc:leader>     cam a22        4500</marc:leader>
      <marc:controlfield tag="001">05961921X</marc:controlfield>
      <marc:controlfield tag="003">DE-576</marc:controlfield>
      <marc:controlfield tag="005">20210422124546.0</marc:controlfield>
      <marc:controlfield tag="007">tu</marc:controlfield>
      <marc:controlfield tag="008">970618s1997    gw ||||| d    00| ||ger c</marc:controlfield>
      <marc:datafield tag="010" ind1=" " ind2=" ">
         <marc:subfield code="a">   97164547 </marc:subfield>
      </marc:datafield>
      <marc:datafield tag="015" ind1=" " ind2=" ">
         <marc:subfield code="a">97,A20,0668</marc:subfield>
         <marc:subfield code="2">dnb</marc:subfield>
      </marc:datafield>
      <marc:datafield tag="016" ind1="7" ind2=" ">
         <marc:subfield code="a">950167193</marc:subfield>
         <marc:subfield code="2">DE-101</marc:subfield>
      </marc:datafield>
      <marc:datafield tag="020" ind1=" " ind2=" ">
         <marc:subfield code="a">3764924705</marc:subfield>
         <marc:subfield code="9">3-7649-2470-5</marc:subfield>
      </marc:datafield>
      <marc:datafield tag="024" ind1="2" ind2=" ">
         <marc:subfield code="a">M201124704</marc:subfield>
         <marc:subfield code="9">M-2011-2470-4</marc:subfield>
      </marc:datafield>
      <marc:datafield tag="024" ind1="2" ind2=" ">
         <marc:subfield code="a">M201124704</marc:subfield>
         <marc:subfield code="9">M-2011-2470-4</marc:subfield>
      </marc:datafield>
      <marc:datafield tag="035" ind1=" " ind2=" ">
         <marc:subfield code="a">(DE-627)273235915</marc:subfield>
      </marc:datafield>
      <marc:datafield tag="035" ind1=" " ind2=" ">
         <marc:subfield code="a">(DE-576)05961921X</marc:subfield>
      </marc:datafield>
      <marc:datafield tag="035" ind1=" " ind2=" ">
         <marc:subfield code="a">(DE-599)GBV273235915</marc:subfield>
      </marc:datafield>
      <marc:datafield tag="035" ind1=" " ind2=" ">
         <marc:subfield code="a">(OCoLC)249355055</marc:subfield>
      </marc:datafield>
      <marc:datafield tag="035" ind1=" " ind2=" ">
         <marc:subfield code="a">(OCoLC)36943599</marc:subfield>
      </marc:datafield>
      <marc:datafield tag="035" ind1=" " ind2=" ">
         <marc:subfield code="a">(OCoLC)249355055</marc:subfield>
      </marc:datafield>
      <marc:datafield tag="035" ind1=" " ind2=" ">
         <marc:subfield code="a">(DE-478)942903458</marc:subfield>
      </marc:datafield>
      <marc:datafield tag="040" ind1=" " ind2=" ">
         <marc:subfield code="a">DE-576</marc:subfield>
         <marc:subfield code="b">ger</marc:subfield>
         <marc:subfield code="c">DE-576</marc:subfield>
         <marc:subfield code="e">rda</marc:subfield>
      </marc:datafield>
      <marc:datafield tag="041" ind1=" " ind2=" ">
         <marc:subfield code="a">ger</marc:subfield>
      </marc:datafield>
      <marc:datafield tag="044" ind1=" " ind2=" ">
         <marc:subfield code="c">XA-DE</marc:subfield>
      </marc:datafield>
      <marc:datafield tag="050" ind1=" " ind2="0">
         <marc:subfield code="a">ML102.R4</marc:subfield>
      </marc:datafield>
      <marc:datafield tag="082" ind1="0" ind2=" ">
         <marc:subfield code="a">781.2/24/03</marc:subfield>
      </marc:datafield>
      <marc:datafield tag="084" ind1=" " ind2=" ">
         <marc:subfield code="a">PÄ 420</marc:subfield>
         <marc:subfield code="2">sfb</marc:subfield>
      </marc:datafield>
      <marc:datafield tag="084" ind1=" " ind2=" ">
         <marc:subfield code="a">22</marc:subfield>
         <marc:subfield code="a">48</marc:subfield>
         <marc:subfield code="a">03</marc:subfield>
         <marc:subfield code="2">sdnb</marc:subfield>
      </marc:datafield>
      <marc:datafield tag="084" ind1=" " ind2=" ">
         <marc:subfield code="a">LR 56985</marc:subfield>
         <marc:subfield code="2">rvk</marc:subfield>
         <marc:subfield code="0">(DE-625)rvk/109842:</marc:subfield>
      </marc:datafield>
      <marc:datafield tag="084" ind1=" " ind2=" ">
         <marc:subfield code="a">LR 55250</marc:subfield>
         <marc:subfield code="2">rvk</marc:subfield>
      </marc:datafield>
      <marc:datafield tag="084" ind1=" " ind2=" ">
         <marc:subfield code="a">AP 84050</marc:subfield>
         <marc:subfield code="2">rvk</marc:subfield>
         <marc:subfield code="0">(DE-625)rvk/8030:</marc:subfield>
      </marc:datafield>
      <marc:datafield tag="100" ind1="1" ind2=" ">
         <marc:subfield code="a">Ring, Reinhard</marc:subfield>
         <marc:subfield code="e">VerfasserIn</marc:subfield>
         <marc:subfield code="0">(DE-588)115035109</marc:subfield>
         <marc:subfield code="0">(DE-627)501108440</marc:subfield>
         <marc:subfield code="0">(DE-576)289816793</marc:subfield>
         <marc:subfield code="4">aut</marc:subfield>
      </marc:datafield>
      <marc:datafield tag="245" ind1="1" ind2="0">
         <marc:subfield code="a">Lexikon der Rhythmik</marc:subfield>
         <marc:subfield code="c">Reinhard Ring; Brigitte Steinmann</marc:subfield>
      </marc:datafield>
      <marc:datafield tag="263" ind1=" " ind2=" ">
         <marc:subfield code="a">kart. : DM 58.00</marc:subfield>
      </marc:datafield>
      <marc:datafield tag="264" ind1=" " ind2="1">
         <marc:subfield code="a">Kassel</marc:subfield>
         <marc:subfield code="b">Bosse</marc:subfield>
         <marc:subfield code="c">1997</marc:subfield>
      </marc:datafield>
      <marc:datafield tag="300" ind1=" " ind2=" ">
         <marc:subfield code="a">362 Seiten</marc:subfield>
      </marc:datafield>
      <marc:datafield tag="336" ind1=" " ind2=" ">
         <marc:subfield code="a">Text</marc:subfield>
         <marc:subfield code="b">txt</marc:subfield>
         <marc:subfield code="2">rdacontent</marc:subfield>
      </marc:datafield>
      <marc:datafield tag="337" ind1=" " ind2=" ">
         <marc:subfield code="a">ohne Hilfsmittel zu benutzen</marc:subfield>
         <marc:subfield code="b">n</marc:subfield>
         <marc:subfield code="2">rdamedia</marc:subfield>
      </marc:datafield>
      <marc:datafield tag="338" ind1=" " ind2=" ">
         <marc:subfield code="a">Band</marc:subfield>
         <marc:subfield code="b">nc</marc:subfield>
         <marc:subfield code="2">rdacarrier</marc:subfield>
      </marc:datafield>
      <marc:datafield tag="490" ind1="1" ind2=" ">
         <marc:subfield code="a">Bosse-Musik-Paperback</marc:subfield>
         <marc:subfield code="v">53</marc:subfield>
      </marc:datafield>
      <marc:datafield tag="500" ind1=" " ind2=" ">
         <marc:subfield code="a">Literaturangaben</marc:subfield>
      </marc:datafield>
      <marc:datafield tag="591" ind1=" " ind2=" ">
         <marc:subfield code="a">720 ff. bvb ; 720 ff. (DDC): GBV/LOC ; IMD-Felder und 1131 maschinell ergänzt (SWB)</marc:subfield>
      </marc:datafield>
      <marc:datafield tag="650" ind1=" " ind2="0">
         <marc:subfield code="a">Rhythm</marc:subfield>
         <marc:subfield code="v">Encyclopedias</marc:subfield>
      </marc:datafield>
      <marc:datafield tag="655" ind1=" " ind2="7">
         <marc:subfield code="a">Wörterbuch</marc:subfield>
         <marc:subfield code="0">(DE-588)4066724-8</marc:subfield>
         <marc:subfield code="0">(DE-627)104682620</marc:subfield>
         <marc:subfield code="0">(DE-576)209166061</marc:subfield>
         <marc:subfield code="2">gnd-content</marc:subfield>
      </marc:datafield>
      <marc:datafield tag="655" ind1=" " ind2="7">
         <marc:subfield code="a">Enzyklopädie</marc:subfield>
         <marc:subfield code="0">(DE-588)4014986-9</marc:subfield>
         <marc:subfield code="0">(DE-627)104675322</marc:subfield>
         <marc:subfield code="0">(DE-576)208910085</marc:subfield>
         <marc:subfield code="2">gnd-content</marc:subfield>
      </marc:datafield>
      <marc:datafield tag="689" ind1="0" ind2="0">
         <marc:subfield code="D">s</marc:subfield>
         <marc:subfield code="0">(DE-588)4049867-0</marc:subfield>
         <marc:subfield code="0">(DE-627)106185209</marc:subfield>
         <marc:subfield code="0">(DE-576)209084065</marc:subfield>
         <marc:subfield code="a">Rhythmische Erziehung</marc:subfield>
         <marc:subfield code="2">gnd</marc:subfield>
      </marc:datafield>
      <marc:datafield tag="689" ind1="0" ind2=" ">
         <marc:subfield code="5">(DE-627)</marc:subfield>
      </marc:datafield>
      <marc:datafield tag="700" ind1="1" ind2=" ">
         <marc:subfield code="a">Vogel-Steinmann, Brigitte</marc:subfield>
         <marc:subfield code="0">(DE-627)123342971X</marc:subfield>
         <marc:subfield code="0">(DE-576)163429715</marc:subfield>
         <marc:subfield code="4">oth</marc:subfield>
      </marc:datafield>
      <marc:datafield tag="830" ind1=" " ind2="0">
         <marc:subfield code="a">Bosse-Musik-Paperback</marc:subfield>
         <marc:subfield code="v">53</marc:subfield>
         <marc:subfield code="9">5300</marc:subfield>
         <marc:subfield code="w">(DE-627)166423106</marc:subfield>
         <marc:subfield code="w">(DE-576)012229032</marc:subfield>
         <marc:subfield code="w">(DE-600)186530-4</marc:subfield>
      </marc:datafield>
      <marc:datafield tag="935" ind1=" " ind2=" ">
         <marc:subfield code="i">Blocktest</marc:subfield>
      </marc:datafield>
      <marc:datafield tag="936" ind1="r" ind2="v">
         <marc:subfield code="a">LR 56985</marc:subfield>
         <marc:subfield code="b">Musik und Bewegung, Rhythmik, Tanz, Motorik</marc:subfield>
         <marc:subfield code="k">Musikwissenschaft</marc:subfield>
         <marc:subfield code="k">I. Musica theoretica</marc:subfield>
         <marc:subfield code="k">Sachteil: Musica theoretica (einschl. Realien mit geographischem Bezug)</marc:subfield>
         <marc:subfield code="k">Musikpädagogik</marc:subfield>
         <marc:subfield code="k">Musik und Bewegung, Rhythmik, Tanz, Motorik</marc:subfield>
         <marc:subfield code="0">(DE-627)1270821873</marc:subfield>
         <marc:subfield code="0">(DE-625)rvk/109842:</marc:subfield>
         <marc:subfield code="0">(DE-576)200821873</marc:subfield>
      </marc:datafield>
      <marc:datafield tag="936" ind1="r" ind2="v">
         <marc:subfield code="a">LR 55250</marc:subfield>
         <marc:subfield code="b">Rhythmik, Agogik, Metrik, Takt, Tempo (Zeitmaß), Zeit, Zeitgestalt</marc:subfield>
         <marc:subfield code="k">Musikwissenschaft</marc:subfield>
         <marc:subfield code="k">I. Musica theoretica</marc:subfield>
         <marc:subfield code="k">Sachteil: Musica theoretica (einschl. Realien mit geographischem Bezug)</marc:subfield>
         <marc:subfield code="k">Musikalische Elemente, Kompositionstechniken, Formfaktoren</marc:subfield>
         <marc:subfield code="k">Einzelne Elemente, Kompositionstechniken, Formfaktoren:</marc:subfield>
         <marc:subfield code="k">Rhythmik, Agogik, Metrik, Takt, Tempo (Zeitmaß), Zeit, Zeitgestalt</marc:subfield>
         <marc:subfield code="0">(DE-627)1270877631</marc:subfield>
         <marc:subfield code="0">(DE-576)200877631</marc:subfield>
      </marc:datafield>
      <marc:datafield tag="936" ind1="r" ind2="v">
         <marc:subfield code="a">AP 84050</marc:subfield>
         <marc:subfield code="b">Gymnastik, Rhythmik</marc:subfield>
         <marc:subfield code="k">Allgemeines</marc:subfield>
         <marc:subfield code="k">Medien- und Kommunikationswissenschaften, Kommunikationsdesign</marc:subfield>
         <marc:subfield code="k">Tanz</marc:subfield>
         <marc:subfield code="k">Natur und Kultur des Tanzes, Forschung</marc:subfield>
         <marc:subfield code="k">Gymnastik, Rhythmik</marc:subfield>
         <marc:subfield code="0">(DE-627)1270693379</marc:subfield>
         <marc:subfield code="0">(DE-625)rvk/8030:</marc:subfield>
         <marc:subfield code="0">(DE-576)200693379</marc:subfield>
      </marc:datafield>
      <marc:datafield tag="951" ind1=" " ind2=" ">
         <marc:subfield code="a">BO</marc:subfield>
      </marc:datafield>
   </marc:record>