
   <marc:record>
      <marc:leader>     cam a22        4500</marc:leader>
      <marc:controlfield tag="001">076917568</marc:controlfield>
      <marc:controlfield tag="003">DE-576</marc:controlfield>
      <marc:controlfield tag="005">20210215114943.0</marc:controlfield>
      <marc:controlfield tag="007">tu</marc:controlfield>
      <marc:controlfield tag="008">990412s1999    gw ||||| c    00| ||ger c</marc:controlfield>
      <marc:datafield tag="015" ind1=" " ind2=" ">
         <marc:subfield code="a">99,N16,0005</marc:subfield>
         <marc:subfield code="2">dnb</marc:subfield>
      </marc:datafield>
      <marc:datafield tag="015" ind1=" " ind2=" ">
         <marc:subfield code="a">99,A24,1770</marc:subfield>
         <marc:subfield code="2">dnb</marc:subfield>
      </marc:datafield>
      <marc:datafield tag="016" ind1="7" ind2=" ">
         <marc:subfield code="a">956043771</marc:subfield>
         <marc:subfield code="2">DE-101</marc:subfield>
      </marc:datafield>
      <marc:datafield tag="020" ind1=" " ind2=" ">
         <marc:subfield code="a">3893229604</marc:subfield>
         <marc:subfield code="c">brosch.: DM 68.00, sfr 73.00, S 569.00</marc:subfield>
         <marc:subfield code="9">3-89322-960-4</marc:subfield>
      </marc:datafield>
      <marc:datafield tag="035" ind1=" " ind2=" ">
         <marc:subfield code="a">(DE-627)26712712X</marc:subfield>
      </marc:datafield>
      <marc:datafield tag="035" ind1=" " ind2=" ">
         <marc:subfield code="a">(DE-576)076917568</marc:subfield>
      </marc:datafield>
      <marc:datafield tag="035" ind1=" " ind2=" ">
         <marc:subfield code="a">(DE-599)DNB956043771</marc:subfield>
      </marc:datafield>
      <marc:datafield tag="035" ind1=" " ind2=" ">
         <marc:subfield code="a">(OCoLC)845239469</marc:subfield>
      </marc:datafield>
      <marc:datafield tag="035" ind1=" " ind2=" ">
         <marc:subfield code="a">(OCoLC)313257599</marc:subfield>
      </marc:datafield>
      <marc:datafield tag="035" ind1=" " ind2=" ">
         <marc:subfield code="a">(OCoLC)890186090</marc:subfield>
      </marc:datafield>
      <marc:datafield tag="040" ind1=" " ind2=" ">
         <marc:subfield code="a">DE-576</marc:subfield>
         <marc:subfield code="b">ger</marc:subfield>
         <marc:subfield code="c">DE-576</marc:subfield>
         <marc:subfield code="e">rakwb</marc:subfield>
      </marc:datafield>
      <marc:datafield tag="041" ind1=" " ind2=" ">
         <marc:subfield code="a">ger</marc:subfield>
      </marc:datafield>
      <marc:datafield tag="044" ind1=" " ind2=" ">
         <marc:subfield code="c">XA-DE</marc:subfield>
         <marc:subfield code="c">XA-DE-BW</marc:subfield>
      </marc:datafield>
      <marc:datafield tag="050" ind1=" " ind2="0">
         <marc:subfield code="a">CB425</marc:subfield>
      </marc:datafield>
      <marc:datafield tag="082" ind1="0" ind2=" ">
         <marc:subfield code="a">909.82/074/432142</marc:subfield>
         <marc:subfield code="q">LOC</marc:subfield>
         <marc:subfield code="2">21</marc:subfield>
      </marc:datafield>
      <marc:datafield tag="082" ind1="0" ind2=" ">
         <marc:subfield code="a">909.82074432142</marc:subfield>
      </marc:datafield>
      <marc:datafield tag="084" ind1=" " ind2=" ">
         <marc:subfield code="a">63</marc:subfield>
         <marc:subfield code="2">sdnb</marc:subfield>
      </marc:datafield>
      <marc:datafield tag="084" ind1=" " ind2=" ">
         <marc:subfield code="a">01</marc:subfield>
         <marc:subfield code="2">sdnb</marc:subfield>
      </marc:datafield>
      <marc:datafield tag="084" ind1=" " ind2=" ">
         <marc:subfield code="a">9,10</marc:subfield>
         <marc:subfield code="2">ssgn</marc:subfield>
      </marc:datafield>
      <marc:datafield tag="084" ind1=" " ind2=" ">
         <marc:subfield code="a">MS 9350</marc:subfield>
         <marc:subfield code="2">rvk</marc:subfield>
         <marc:subfield code="0">(DE-625)rvk/123834:</marc:subfield>
      </marc:datafield>
      <marc:datafield tag="084" ind1=" " ind2=" ">
         <marc:subfield code="a">AP 84500</marc:subfield>
         <marc:subfield code="2">rvk</marc:subfield>
         <marc:subfield code="0">(DE-625)rvk/8039:</marc:subfield>
      </marc:datafield>
      <marc:datafield tag="084" ind1=" " ind2=" ">
         <marc:subfield code="a">MR 7100</marc:subfield>
         <marc:subfield code="2">rvk</marc:subfield>
         <marc:subfield code="0">(DE-625)rvk/123539:</marc:subfield>
      </marc:datafield>
      <marc:datafield tag="084" ind1=" " ind2=" ">
         <marc:subfield code="a">CC 6600</marc:subfield>
         <marc:subfield code="2">rvk</marc:subfield>
         <marc:subfield code="0">(DE-625)rvk/17661:</marc:subfield>
      </marc:datafield>
      <marc:datafield tag="084" ind1=" " ind2=" ">
         <marc:subfield code="a">LC 50000</marc:subfield>
         <marc:subfield code="2">rvk</marc:subfield>
         <marc:subfield code="0">(DE-625)rvk/90656:772</marc:subfield>
      </marc:datafield>
      <marc:datafield tag="084" ind1=" " ind2=" ">
         <marc:subfield code="a">MS 6980</marc:subfield>
         <marc:subfield code="2">rvk</marc:subfield>
         <marc:subfield code="0">(DE-625)rvk/123774:</marc:subfield>
      </marc:datafield>
      <marc:datafield tag="084" ind1=" " ind2=" ">
         <marc:subfield code="a">LH 42220</marc:subfield>
         <marc:subfield code="2">rvk</marc:subfield>
         <marc:subfield code="0">(DE-625)rvk/93462:</marc:subfield>
      </marc:datafield>
      <marc:datafield tag="084" ind1=" " ind2=" ">
         <marc:subfield code="a">02.10</marc:subfield>
         <marc:subfield code="2">bkl</marc:subfield>
      </marc:datafield>
      <marc:datafield tag="084" ind1=" " ind2=" ">
         <marc:subfield code="a">08.36</marc:subfield>
         <marc:subfield code="2">bkl</marc:subfield>
      </marc:datafield>
      <marc:datafield tag="084" ind1=" " ind2=" ">
         <marc:subfield code="a">20.23</marc:subfield>
         <marc:subfield code="2">bkl</marc:subfield>
      </marc:datafield>
      <marc:datafield tag="084" ind1=" " ind2=" ">
         <marc:subfield code="a">42.88</marc:subfield>
         <marc:subfield code="2">bkl</marc:subfield>
      </marc:datafield>
      <marc:datafield tag="084" ind1=" " ind2=" ">
         <marc:subfield code="a">44.01</marc:subfield>
         <marc:subfield code="2">bkl</marc:subfield>
      </marc:datafield>
      <marc:datafield tag="084" ind1=" " ind2=" ">
         <marc:subfield code="a">73.80</marc:subfield>
         <marc:subfield code="2">bkl</marc:subfield>
      </marc:datafield>
      <marc:datafield tag="245" ind1="1" ind2="4">
         <marc:subfield code="a">Der neue Mensch</marc:subfield>
         <marc:subfield code="b">Obsessionen des 20. Jahrhunderts ; [Katalog zur Ausstellung im Deutschen Hygiene-Museum vom 22. April bis 8. August 1999]</marc:subfield>
         <marc:subfield code="c">hrsg. von Nicola Lepp; Martin Roth; Klaus Vogel. [Texte: Barbara Bauer; Gert Mattenklott ...]</marc:subfield>
      </marc:datafield>
      <marc:datafield tag="246" ind1="3" ind2="0">
         <marc:subfield code="a">zwanzigsten</marc:subfield>
      </marc:datafield>
      <marc:datafield tag="264" ind1=" " ind2="1">
         <marc:subfield code="a">Ostfildern-Ruit</marc:subfield>
         <marc:subfield code="b">Cantz</marc:subfield>
         <marc:subfield code="c">1999</marc:subfield>
      </marc:datafield>
      <marc:datafield tag="300" ind1=" " ind2=" ">
         <marc:subfield code="a">296 Seiten</marc:subfield>
         <marc:subfield code="b">Illustrationen</marc:subfield>
         <marc:subfield code="c">28 cm</marc:subfield>
      </marc:datafield>
      <marc:datafield tag="336" ind1=" " ind2=" ">
         <marc:subfield code="a">Text</marc:subfield>
         <marc:subfield code="b">txt</marc:subfield>
         <marc:subfield code="2">rdacontent</marc:subfield>
      </marc:datafield>
      <marc:datafield tag="336" ind1=" " ind2=" ">
         <marc:subfield code="a">unbewegtes Bild</marc:subfield>
         <marc:subfield code="b">sti</marc:subfield>
         <marc:subfield code="2">rdacontent</marc:subfield>
      </marc:datafield>
      <marc:datafield tag="337" ind1=" " ind2=" ">
         <marc:subfield code="a">ohne Hilfsmittel zu benutzen</marc:subfield>
         <marc:subfield code="b">n</marc:subfield>
         <marc:subfield code="2">rdamedia</marc:subfield>
      </marc:datafield>
      <marc:datafield tag="338" ind1=" " ind2=" ">
         <marc:subfield code="a">Band</marc:subfield>
         <marc:subfield code="b">nc</marc:subfield>
         <marc:subfield code="2">rdacarrier</marc:subfield>
      </marc:datafield>
      <marc:datafield tag="591" ind1=" " ind2=" ">
         <marc:subfield code="a">720 ff. bvb ; 720 ff. (DDC): GBV/LOC ; 5090: L1UB/sred ; IMD-Felder und 1131 maschinell ergänzt (SWB)</marc:subfield>
      </marc:datafield>
      <marc:datafield tag="650" ind1=" " ind2="0">
         <marc:subfield code="a">Civilization, Modern</marc:subfield>
         <marc:subfield code="y">20th century</marc:subfield>
         <marc:subfield code="v">Exhibitions</marc:subfield>
      </marc:datafield>
      <marc:datafield tag="650" ind1=" " ind2="0">
         <marc:subfield code="a">Arts, Modern</marc:subfield>
         <marc:subfield code="y">20th century</marc:subfield>
         <marc:subfield code="v">Exhibitions</marc:subfield>
      </marc:datafield>
      <marc:datafield tag="650" ind1="0" ind2="7">
         <marc:subfield code="0">(DE-588)4138940-2</marc:subfield>
         <marc:subfield code="0">(DE-627)105638935</marc:subfield>
         <marc:subfield code="0">(DE-576)209690240</marc:subfield>
         <marc:subfield code="a">Neuer Mensch</marc:subfield>
         <marc:subfield code="2">gnd</marc:subfield>
      </marc:datafield>
      <marc:datafield tag="648" ind1=" " ind2="7">
         <marc:subfield code="2">gnd</marc:subfield>
         <marc:subfield code="a">Geschichte</marc:subfield>
      </marc:datafield>
      <marc:datafield tag="650" ind1="0" ind2="7">
         <marc:subfield code="0">(DE-588)4138940-2</marc:subfield>
         <marc:subfield code="0">(DE-627)105638935</marc:subfield>
         <marc:subfield code="0">(DE-576)209690240</marc:subfield>
         <marc:subfield code="a">Neuer Mensch</marc:subfield>
         <marc:subfield code="2">gnd</marc:subfield>
      </marc:datafield>
      <marc:datafield tag="648" ind1=" " ind2="7">
         <marc:subfield code="2">gnd</marc:subfield>
         <marc:subfield code="a">Geschichte</marc:subfield>
      </marc:datafield>
      <marc:datafield tag="655" ind1=" " ind2="7">
         <marc:subfield code="a">Aufsatzsammlung</marc:subfield>
         <marc:subfield code="0">(DE-588)4143413-4</marc:subfield>
         <marc:subfield code="0">(DE-627)105605727</marc:subfield>
         <marc:subfield code="0">(DE-576)209726091</marc:subfield>
         <marc:subfield code="2">gnd-content</marc:subfield>
      </marc:datafield>
      <marc:datafield tag="655" ind1=" " ind2="7">
         <marc:subfield code="a">Ausstellungskatalog</marc:subfield>
         <marc:subfield code="y">1994</marc:subfield>
         <marc:subfield code="z">Dresden</marc:subfield>
         <marc:subfield code="0">(DE-588)4135467-9</marc:subfield>
         <marc:subfield code="0">(DE-627)10566491X</marc:subfield>
         <marc:subfield code="0">(DE-576)209660988</marc:subfield>
         <marc:subfield code="2">gnd-content</marc:subfield>
      </marc:datafield>
      <marc:datafield tag="689" ind1="0" ind2="0">
         <marc:subfield code="D">s</marc:subfield>
         <marc:subfield code="0">(DE-588)4138940-2</marc:subfield>
         <marc:subfield code="0">(DE-627)105638935</marc:subfield>
         <marc:subfield code="0">(DE-576)209690240</marc:subfield>
         <marc:subfield code="a">Neuer Mensch</marc:subfield>
         <marc:subfield code="2">gnd</marc:subfield>
      </marc:datafield>
      <marc:datafield tag="689" ind1="0" ind2="1">
         <marc:subfield code="A">z</marc:subfield>
         <marc:subfield code="2">gnd</marc:subfield>
         <marc:subfield code="a">Geschichte</marc:subfield>
      </marc:datafield>
      <marc:datafield tag="689" ind1="0" ind2=" ">
         <marc:subfield code="5">DE-101</marc:subfield>
      </marc:datafield>
      <marc:datafield tag="689" ind1="1" ind2="0">
         <marc:subfield code="D">s</marc:subfield>
         <marc:subfield code="0">(DE-588)4138940-2</marc:subfield>
         <marc:subfield code="0">(DE-627)105638935</marc:subfield>
         <marc:subfield code="0">(DE-576)209690240</marc:subfield>
         <marc:subfield code="a">Neuer Mensch</marc:subfield>
         <marc:subfield code="2">gnd</marc:subfield>
      </marc:datafield>
      <marc:datafield tag="689" ind1="1" ind2="1">
         <marc:subfield code="A">z</marc:subfield>
         <marc:subfield code="2">gnd</marc:subfield>
         <marc:subfield code="a">Geschichte</marc:subfield>
      </marc:datafield>
      <marc:datafield tag="689" ind1="1" ind2=" ">
         <marc:subfield code="5">DE-101</marc:subfield>
      </marc:datafield>
      <marc:datafield tag="689" ind1="2" ind2="0">
         <marc:subfield code="D">b</marc:subfield>
         <marc:subfield code="0">(DE-588)2008718-4</marc:subfield>
         <marc:subfield code="0">(DE-627)101629745</marc:subfield>
         <marc:subfield code="0">(DE-576)191637238</marc:subfield>
         <marc:subfield code="a">Deutsches Hygiene-Museum</marc:subfield>
         <marc:subfield code="2">gnd</marc:subfield>
      </marc:datafield>
      <marc:datafield tag="689" ind1="2" ind2="1">
         <marc:subfield code="D">s</marc:subfield>
         <marc:subfield code="0">(DE-588)4138940-2</marc:subfield>
         <marc:subfield code="0">(DE-627)105638935</marc:subfield>
         <marc:subfield code="0">(DE-576)209690240</marc:subfield>
         <marc:subfield code="a">Neuer Mensch</marc:subfield>
         <marc:subfield code="2">gnd</marc:subfield>
      </marc:datafield>
      <marc:datafield tag="689" ind1="2" ind2="2">
         <marc:subfield code="D">s</marc:subfield>
         <marc:subfield code="0">(DE-588)4002230-4</marc:subfield>
         <marc:subfield code="0">(DE-627)10639410X</marc:subfield>
         <marc:subfield code="0">(DE-576)208846212</marc:subfield>
         <marc:subfield code="a">Anthropologie</marc:subfield>
         <marc:subfield code="2">gnd</marc:subfield>
      </marc:datafield>
      <marc:datafield tag="689" ind1="2" ind2="3">
         <marc:subfield code="D">s</marc:subfield>
         <marc:subfield code="0">(DE-588)4160775-2</marc:subfield>
         <marc:subfield code="0">(DE-627)104755482</marc:subfield>
         <marc:subfield code="0">(DE-576)209860421</marc:subfield>
         <marc:subfield code="a">Humanbiologie</marc:subfield>
         <marc:subfield code="2">gnd</marc:subfield>
      </marc:datafield>
      <marc:datafield tag="689" ind1="2" ind2="4">
         <marc:subfield code="D">s</marc:subfield>
         <marc:subfield code="0">(DE-588)4074722-0</marc:subfield>
         <marc:subfield code="0">(DE-627)106088572</marc:subfield>
         <marc:subfield code="0">(DE-576)209195061</marc:subfield>
         <marc:subfield code="a">Menschenbild</marc:subfield>
         <marc:subfield code="2">gnd</marc:subfield>
      </marc:datafield>
      <marc:datafield tag="689" ind1="2" ind2="5">
         <marc:subfield code="A">z</marc:subfield>
         <marc:subfield code="2">gnd</marc:subfield>
         <marc:subfield code="a">Geschichte 1900-1993</marc:subfield>
      </marc:datafield>
      <marc:datafield tag="689" ind1="2" ind2=" ">
         <marc:subfield code="5">(DE-627)</marc:subfield>
      </marc:datafield>
      <marc:datafield tag="700" ind1="1" ind2=" ">
         <marc:subfield code="a">Lepp, Nicola</marc:subfield>
         <marc:subfield code="d">1962-</marc:subfield>
         <marc:subfield code="e">Hrsg.</marc:subfield>
         <marc:subfield code="0">(DE-588)121039102</marc:subfield>
         <marc:subfield code="0">(DE-627)081046871</marc:subfield>
         <marc:subfield code="0">(DE-576)178188182</marc:subfield>
         <marc:subfield code="4">edt</marc:subfield>
      </marc:datafield>
      <marc:datafield tag="700" ind1="1" ind2=" ">
         <marc:subfield code="a">Beckmann, Annette</marc:subfield>
         <marc:subfield code="4">oth</marc:subfield>
      </marc:datafield>
      <marc:datafield tag="700" ind1="1" ind2=" ">
         <marc:subfield code="a">Roth, Martin</marc:subfield>
         <marc:subfield code="4">oth</marc:subfield>
      </marc:datafield>
      <marc:datafield tag="700" ind1="1" ind2=" ">
         <marc:subfield code="a">Vogel, Klaus</marc:subfield>
         <marc:subfield code="4">oth</marc:subfield>
      </marc:datafield>
      <marc:datafield tag="700" ind1="1" ind2=" ">
         <marc:subfield code="a">Mattenklott, Gert</marc:subfield>
         <marc:subfield code="d">1942-2009</marc:subfield>
         <marc:subfield code="0">(DE-588)116838868</marc:subfield>
         <marc:subfield code="0">(DE-627)07830850X</marc:subfield>
         <marc:subfield code="0">(DE-576)162161492</marc:subfield>
         <marc:subfield code="4">oth</marc:subfield>
      </marc:datafield>
      <marc:datafield tag="700" ind1="1" ind2=" ">
         <marc:subfield code="a">Bauer, Barbara</marc:subfield>
         <marc:subfield code="4">oth</marc:subfield>
      </marc:datafield>
      <marc:datafield tag="710" ind1="2" ind2=" ">
         <marc:subfield code="a">Deutsches Hygiene-Museum</marc:subfield>
         <marc:subfield code="0">(DE-588)2008718-4</marc:subfield>
         <marc:subfield code="0">(DE-627)101629745</marc:subfield>
         <marc:subfield code="0">(DE-576)191637238</marc:subfield>
         <marc:subfield code="4">oth</marc:subfield>
      </marc:datafield>
      <marc:datafield tag="711" ind1="2" ind2=" ">
         <marc:subfield code="a">Ausstellung Der Neue Mensch - Obsessionen des 20. Jahrhunderts</marc:subfield>
         <marc:subfield code="d">1999</marc:subfield>
         <marc:subfield code="c">Dresden</marc:subfield>
         <marc:subfield code="0">(DE-588)2176783-X</marc:subfield>
         <marc:subfield code="0">(DE-627)268936161</marc:subfield>
         <marc:subfield code="0">(DE-576)197623433</marc:subfield>
         <marc:subfield code="4">oth</marc:subfield>
      </marc:datafield>
      <marc:datafield tag="935" ind1=" " ind2=" ">
         <marc:subfield code="i">Blocktest</marc:subfield>
      </marc:datafield>
      <marc:datafield tag="936" ind1="r" ind2="v">
         <marc:subfield code="a">MS 9350</marc:subfield>
         <marc:subfield code="b">Allgemeine Werke und Theorien (soweit nicht unter kulturellem System)</marc:subfield>
         <marc:subfield code="k">Soziologie</marc:subfield>
         <marc:subfield code="k">Spezielle Soziologien</marc:subfield>
         <marc:subfield code="k">Sozial- bzw. Kultur-Anthropologie</marc:subfield>
         <marc:subfield code="k">Allgemeine Werke und Theorien (soweit nicht unter kulturellem System)</marc:subfield>
         <marc:subfield code="0">(DE-627)127095475X</marc:subfield>
         <marc:subfield code="0">(DE-625)rvk/123834:</marc:subfield>
         <marc:subfield code="0">(DE-576)20095475X</marc:subfield>
      </marc:datafield>
      <marc:datafield tag="936" ind1="r" ind2="v">
         <marc:subfield code="a">AP 84500</marc:subfield>
         <marc:subfield code="b">Tanz und Gesellschaft</marc:subfield>
         <marc:subfield code="k">Allgemeines</marc:subfield>
         <marc:subfield code="k">Medien- und Kommunikationswissenschaften, Kommunikationsdesign</marc:subfield>
         <marc:subfield code="k">Tanz</marc:subfield>
         <marc:subfield code="k">Beziehungen, Ausstrahlungen</marc:subfield>
         <marc:subfield code="k">Tanz und Gesellschaft</marc:subfield>
         <marc:subfield code="0">(DE-627)127069345X</marc:subfield>
         <marc:subfield code="0">(DE-625)rvk/8039:</marc:subfield>
         <marc:subfield code="0">(DE-576)20069345X</marc:subfield>
      </marc:datafield>
      <marc:datafield tag="936" ind1="r" ind2="v">
         <marc:subfield code="a">MR 7100</marc:subfield>
         <marc:subfield code="b">Kultursystem, Kulturbegriff (auch theoretische Kulturanthropologie) und Kulturvergleich; Kultursoziologie allgemein</marc:subfield>
         <marc:subfield code="k">Soziologie</marc:subfield>
         <marc:subfield code="k">Sozialwissenschaftliche Theorien und Methoden</marc:subfield>
         <marc:subfield code="k">Kulturelle Ansätze</marc:subfield>
         <marc:subfield code="k">Kultursystem, Kulturbegriff (auch theoretische Kulturanthropologie) und Kulturvergleich; Kultursoziologie allgemein</marc:subfield>
         <marc:subfield code="0">(DE-627)1270917625</marc:subfield>
         <marc:subfield code="0">(DE-625)rvk/123539:</marc:subfield>
         <marc:subfield code="0">(DE-576)200917625</marc:subfield>
      </marc:datafield>
      <marc:datafield tag="936" ind1="r" ind2="v">
         <marc:subfield code="a">CC 6600</marc:subfield>
         <marc:subfield code="b">Abhandlungen</marc:subfield>
         <marc:subfield code="k">Philosophie</marc:subfield>
         <marc:subfield code="k">Systematische Philosophie</marc:subfield>
         <marc:subfield code="k">Philosophische Anthropologie</marc:subfield>
         <marc:subfield code="k">Abhandlungen</marc:subfield>
         <marc:subfield code="0">(DE-627)1270639021</marc:subfield>
         <marc:subfield code="0">(DE-625)rvk/17661:</marc:subfield>
         <marc:subfield code="0">(DE-576)200639021</marc:subfield>
      </marc:datafield>
      <marc:datafield tag="936" ind1="r" ind2="v">
         <marc:subfield code="a">LC 50000</marc:subfield>
         <marc:subfield code="b">Darstellung ohne geografischen Bezug</marc:subfield>
         <marc:subfield code="k">Ethnologie</marc:subfield>
         <marc:subfield code="k">Kunst und Wissen</marc:subfield>
         <marc:subfield code="k">Wissen und Wahrnehmung</marc:subfield>
         <marc:subfield code="k">Allgemeines, Theoretisches, Zusammenfassendes</marc:subfield>
         <marc:subfield code="k">Darstellung ohne geografischen Bezug</marc:subfield>
         <marc:subfield code="0">(DE-627)127150992X</marc:subfield>
         <marc:subfield code="0">(DE-625)rvk/90656:772</marc:subfield>
         <marc:subfield code="0">(DE-576)20150992X</marc:subfield>
      </marc:datafield>
      <marc:datafield tag="936" ind1="r" ind2="v">
         <marc:subfield code="a">MS 6980</marc:subfield>
         <marc:subfield code="b">Ideologie und Ideologiekritik</marc:subfield>
         <marc:subfield code="k">Soziologie</marc:subfield>
         <marc:subfield code="k">Spezielle Soziologien</marc:subfield>
         <marc:subfield code="k">Wissenssoziologie</marc:subfield>
         <marc:subfield code="k">Ideologie und Ideologiekritik</marc:subfield>
         <marc:subfield code="0">(DE-627)127144156X</marc:subfield>
         <marc:subfield code="0">(DE-625)rvk/123774:</marc:subfield>
         <marc:subfield code="0">(DE-576)20144156X</marc:subfield>
      </marc:datafield>
      <marc:datafield tag="936" ind1="r" ind2="v">
         <marc:subfield code="a">LH 42220</marc:subfield>
         <marc:subfield code="b">Dresden</marc:subfield>
         <marc:subfield code="k">Kunstgeschichte</marc:subfield>
         <marc:subfield code="k">Allgemeines. Allgemeine Kunstgeschichte</marc:subfield>
         <marc:subfield code="k">Ausstellungswesen, Ausstellungskataloge</marc:subfield>
         <marc:subfield code="k">Ausstellungskataloge</marc:subfield>
         <marc:subfield code="k">Orte D</marc:subfield>
         <marc:subfield code="k">Dresden</marc:subfield>
         <marc:subfield code="0">(DE-627)1270751441</marc:subfield>
         <marc:subfield code="0">(DE-625)rvk/93462:</marc:subfield>
         <marc:subfield code="0">(DE-576)200751441</marc:subfield>
      </marc:datafield>
      <marc:datafield tag="936" ind1="b" ind2="k">
         <marc:subfield code="a">02.10</marc:subfield>
         <marc:subfield code="j">Wissenschaft und Gesellschaft</marc:subfield>
         <marc:subfield code="0">(DE-627)106403141</marc:subfield>
      </marc:datafield>
      <marc:datafield tag="936" ind1="b" ind2="k">
         <marc:subfield code="a">08.36</marc:subfield>
         <marc:subfield code="j">Philosophische Anthropologie</marc:subfield>
         <marc:subfield code="0">(DE-627)106403060</marc:subfield>
      </marc:datafield>
      <marc:datafield tag="936" ind1="b" ind2="k">
         <marc:subfield code="a">20.23</marc:subfield>
         <marc:subfield code="j">Mensch</marc:subfield>
         <marc:subfield code="x">Ikonographie</marc:subfield>
         <marc:subfield code="0">(DE-627)106406337</marc:subfield>
      </marc:datafield>
      <marc:datafield tag="936" ind1="b" ind2="k">
         <marc:subfield code="a">42.88</marc:subfield>
         <marc:subfield code="j">Physische Anthropologie</marc:subfield>
         <marc:subfield code="0">(DE-627)106405799</marc:subfield>
      </marc:datafield>
      <marc:datafield tag="936" ind1="b" ind2="k">
         <marc:subfield code="a">44.01</marc:subfield>
         <marc:subfield code="j">Geschichte der Medizin</marc:subfield>
         <marc:subfield code="0">(DE-627)106409638</marc:subfield>
      </marc:datafield>
      <marc:datafield tag="936" ind1="b" ind2="k">
         <marc:subfield code="a">73.80</marc:subfield>
         <marc:subfield code="j">Volkskunde: Allgemeines</marc:subfield>
         <marc:subfield code="0">(DE-627)106411357</marc:subfield>
      </marc:datafield>
      <marc:datafield tag="951" ind1=" " ind2=" ">
         <marc:subfield code="a">BO</marc:subfield>
      </marc:datafield>
   </marc:record>