
   <marc:record>
      <marc:leader>     cam a22        4500</marc:leader>
      <marc:controlfield tag="001">067308007</marc:controlfield>
      <marc:controlfield tag="003">DE-576</marc:controlfield>
      <marc:controlfield tag="005">20210427122549.0</marc:controlfield>
      <marc:controlfield tag="007">tu</marc:controlfield>
      <marc:controlfield tag="008">980630s1998    gw |||||      10| ||ger c</marc:controlfield>
      <marc:datafield tag="015" ind1=" " ind2=" ">
         <marc:subfield code="a">98,N28,0117</marc:subfield>
         <marc:subfield code="2">dnb</marc:subfield>
      </marc:datafield>
      <marc:datafield tag="015" ind1=" " ind2=" ">
         <marc:subfield code="a">98,A46,0295</marc:subfield>
         <marc:subfield code="2">dnb</marc:subfield>
      </marc:datafield>
      <marc:datafield tag="016" ind1="7" ind2=" ">
         <marc:subfield code="a">953825965</marc:subfield>
         <marc:subfield code="2">DE-101</marc:subfield>
      </marc:datafield>
      <marc:datafield tag="020" ind1=" " ind2=" ">
         <marc:subfield code="a">3784110959</marc:subfield>
         <marc:subfield code="c"> : ca. DM 40.00, ca. sfr 38.00, ca. S 292.00 (Kunststoff)</marc:subfield>
         <marc:subfield code="9">3-7841-1095-9</marc:subfield>
      </marc:datafield>
      <marc:datafield tag="035" ind1=" " ind2=" ">
         <marc:subfield code="a">(DE-627)245834699</marc:subfield>
      </marc:datafield>
      <marc:datafield tag="035" ind1=" " ind2=" ">
         <marc:subfield code="a">(DE-576)067308007</marc:subfield>
      </marc:datafield>
      <marc:datafield tag="035" ind1=" " ind2=" ">
         <marc:subfield code="a">(DE-599)DNB953825965</marc:subfield>
      </marc:datafield>
      <marc:datafield tag="035" ind1=" " ind2=" ">
         <marc:subfield code="a">(OCoLC)237329133</marc:subfield>
      </marc:datafield>
      <marc:datafield tag="035" ind1=" " ind2=" ">
         <marc:subfield code="a">(OCoLC)237329133</marc:subfield>
      </marc:datafield>
      <marc:datafield tag="040" ind1=" " ind2=" ">
         <marc:subfield code="a">DE-576</marc:subfield>
         <marc:subfield code="b">ger</marc:subfield>
         <marc:subfield code="c">DE-576</marc:subfield>
         <marc:subfield code="e">rakwb</marc:subfield>
      </marc:datafield>
      <marc:datafield tag="041" ind1=" " ind2=" ">
         <marc:subfield code="a">ger</marc:subfield>
      </marc:datafield>
      <marc:datafield tag="044" ind1=" " ind2=" ">
         <marc:subfield code="c">XA-DE</marc:subfield>
      </marc:datafield>
      <marc:datafield tag="084" ind1=" " ind2=" ">
         <marc:subfield code="a">14</marc:subfield>
         <marc:subfield code="a">49</marc:subfield>
         <marc:subfield code="2">sdnb</marc:subfield>
      </marc:datafield>
      <marc:datafield tag="084" ind1=" " ind2=" ">
         <marc:subfield code="a">DG 9440</marc:subfield>
         <marc:subfield code="2">rvk</marc:subfield>
         <marc:subfield code="0">(DE-625)rvk/19566:</marc:subfield>
      </marc:datafield>
      <marc:datafield tag="084" ind1=" " ind2=" ">
         <marc:subfield code="a">AP 69050</marc:subfield>
         <marc:subfield code="2">rvk</marc:subfield>
         <marc:subfield code="0">(DE-625)rvk/7871:</marc:subfield>
      </marc:datafield>
      <marc:datafield tag="084" ind1=" " ind2=" ">
         <marc:subfield code="a">24.13</marc:subfield>
         <marc:subfield code="2">bkl</marc:subfield>
      </marc:datafield>
      <marc:datafield tag="084" ind1=" " ind2=" ">
         <marc:subfield code="a">24.05</marc:subfield>
         <marc:subfield code="2">bkl</marc:subfield>
      </marc:datafield>
      <marc:datafield tag="245" ind1="1" ind2="0">
         <marc:subfield code="a">Kultur vom Rande der Gesellschaft</marc:subfield>
         <marc:subfield code="b">aus der Praxis authentischer Theaterarbeit ; [Modellprojekt "Suchtprävention durch ehemalige Drogenabhängige und Rückfallprophylaxe für ehemalige Drogenabhängige als kulturpädagogische Aufgabe" ; im Rahmen des Modellprojektes fand die Zweite Fachtagung zum Thema "Authentisches Theater" vom 24. - 26.11.1997 in Flözlingen/Rottweil statt]</marc:subfield>
         <marc:subfield code="c">Wilde Bühne e.V. (Hrsg.)</marc:subfield>
      </marc:datafield>
      <marc:datafield tag="263" ind1=" " ind2=" ">
         <marc:subfield code="a">Kunststoff : ca. DM 40.00, ca. sfr 38.00, ca. S 292.00</marc:subfield>
      </marc:datafield>
      <marc:datafield tag="264" ind1=" " ind2="1">
         <marc:subfield code="a">Freiburg im Breisgau</marc:subfield>
         <marc:subfield code="b">Lambertus</marc:subfield>
         <marc:subfield code="c">1998</marc:subfield>
      </marc:datafield>
      <marc:datafield tag="300" ind1=" " ind2=" ">
         <marc:subfield code="a">126 S.</marc:subfield>
         <marc:subfield code="b">graph. Darst.</marc:subfield>
         <marc:subfield code="c">21 cm</marc:subfield>
      </marc:datafield>
      <marc:datafield tag="336" ind1=" " ind2=" ">
         <marc:subfield code="a">Text</marc:subfield>
         <marc:subfield code="b">txt</marc:subfield>
         <marc:subfield code="2">rdacontent</marc:subfield>
      </marc:datafield>
      <marc:datafield tag="337" ind1=" " ind2=" ">
         <marc:subfield code="a">ohne Hilfsmittel zu benutzen</marc:subfield>
         <marc:subfield code="b">n</marc:subfield>
         <marc:subfield code="2">rdamedia</marc:subfield>
      </marc:datafield>
      <marc:datafield tag="338" ind1=" " ind2=" ">
         <marc:subfield code="a">Band</marc:subfield>
         <marc:subfield code="b">nc</marc:subfield>
         <marc:subfield code="2">rdacarrier</marc:subfield>
      </marc:datafield>
      <marc:datafield tag="520" ind1=" " ind2=" ">
         <marc:subfield code="a">Kann Theaterarbeit mit ausgegrenzten Menschen als doppelte Auseinandersetzung - mit sich selbst und mit dem Publikum - zur Integration unterschiedlicher Erfahrungen beitragen? Wie muss authentisches Theater gestaltet werden, damit es durch seine Lebendigkeit zur Auseinandersetzung in der Gesellschaft anregt? Der vorliegende Band versammelt Erfahrungsberichte aus sozialen, therapeutischen und künstlerischen Arbeitsfeldern, die mit Menschen am Rande der Gesellschaft als experimentierfreudige Kulturschaffende deren spezifischen Erfahrungen und Sichtweisen auf die Bühne bringen.Eingeführt wird der Band durch einen historisch-systematischen Essay zur Authentizität in Gesellschaft und Theater von Albert Kern. Im Anschluss daran schildert Lea Butsch die Geschichte der Wilden Bühne und ihre Arbeit mit ehemaligen Drogenabhängigen. Uwe Zellmer beschreibt Authentizität für das Theater Lindenhof in Melchingen als das Ergebnis der konsequenten Einstellung, auf einer "eigenen Handschrift" zu behar ren. Gunter Seidler analysiert die Theaterarbeit der "Ratten 07" aus Berlin, die versuchen, eingefahrene Wahrnehmungsstrukturen aufzubrechen und die Kunst von der Peripherie in das Zentrum zu tragen. Carola Wisnet legt den Schwerpunkt auf die Auswirkungen von Theater auf Psychiatriebetroffene; in der Aufforderung zur Grenzüberschreitung, zur Selbstentblößung sieht sie auch die Gefahr des Voyeurismus. Wie Theaterarbeit mit geistig behinderten Schauspielerinnen und Schauspielern aussehen kann, erläutert abschließend Karlheinz Halbig-Kolb. Dabei werden die Grenzen, Chancen und Erfolge einer kontinuierlichen und konsequenten Arbeit deutlich.</marc:subfield>
      </marc:datafield>
      <marc:datafield tag="583" ind1="1" ind2=" ">
         <marc:subfield code="a">Archivierung/Langzeitarchivierung gewährleistet</marc:subfield>
         <marc:subfield code="f">PEBW</marc:subfield>
         <marc:subfield code="2">pdager</marc:subfield>
         <marc:subfield code="5">DE-31</marc:subfield>
      </marc:datafield>
      <marc:datafield tag="591" ind1=" " ind2=" ">
         <marc:subfield code="a">720 ff. bvb ; IMD-Felder und 1131 maschinell ergänzt (SWB)</marc:subfield>
      </marc:datafield>
      <marc:datafield tag="655" ind1=" " ind2="7">
         <marc:subfield code="a">Konferenzschrift</marc:subfield>
         <marc:subfield code="y">1997</marc:subfield>
         <marc:subfield code="z">Flözlingen</marc:subfield>
         <marc:subfield code="0">(DE-588)1071861417</marc:subfield>
         <marc:subfield code="0">(DE-627)826484824</marc:subfield>
         <marc:subfield code="0">(DE-576)433375485</marc:subfield>
         <marc:subfield code="2">gnd-content</marc:subfield>
      </marc:datafield>
      <marc:datafield tag="689" ind1="0" ind2="0">
         <marc:subfield code="D">s</marc:subfield>
         <marc:subfield code="0">(DE-588)4058361-2</marc:subfield>
         <marc:subfield code="0">(DE-627)104798904</marc:subfield>
         <marc:subfield code="0">(DE-576)209125926</marc:subfield>
         <marc:subfield code="a">Sucht</marc:subfield>
         <marc:subfield code="2">gnd</marc:subfield>
      </marc:datafield>
      <marc:datafield tag="689" ind1="0" ind2="1">
         <marc:subfield code="D">s</marc:subfield>
         <marc:subfield code="0">(DE-588)4076308-0</marc:subfield>
         <marc:subfield code="0">(DE-627)104364106</marc:subfield>
         <marc:subfield code="0">(DE-576)209201428</marc:subfield>
         <marc:subfield code="a">Prävention</marc:subfield>
         <marc:subfield code="2">gnd</marc:subfield>
      </marc:datafield>
      <marc:datafield tag="689" ind1="0" ind2="2">
         <marc:subfield code="D">s</marc:subfield>
         <marc:subfield code="0">(DE-588)4123226-4</marc:subfield>
         <marc:subfield code="0">(DE-627)104636890</marc:subfield>
         <marc:subfield code="0">(DE-576)209557915</marc:subfield>
         <marc:subfield code="a">Freies Theater</marc:subfield>
         <marc:subfield code="2">gnd</marc:subfield>
      </marc:datafield>
      <marc:datafield tag="689" ind1="0" ind2="3">
         <marc:subfield code="D">s</marc:subfield>
         <marc:subfield code="0">(DE-588)4278709-9</marc:subfield>
         <marc:subfield code="0">(DE-627)104402709</marc:subfield>
         <marc:subfield code="0">(DE-576)21073812X</marc:subfield>
         <marc:subfield code="a">Theaterarbeit</marc:subfield>
         <marc:subfield code="2">gnd</marc:subfield>
      </marc:datafield>
      <marc:datafield tag="689" ind1="0" ind2=" ">
         <marc:subfield code="5">DE-101</marc:subfield>
      </marc:datafield>
      <marc:datafield tag="711" ind1="2" ind2=" ">
         <marc:subfield code="a">Fachtagung zum Thema Authentisches Theater</marc:subfield>
         <marc:subfield code="n">2</marc:subfield>
         <marc:subfield code="d">1997</marc:subfield>
         <marc:subfield code="c">Flözlingen</marc:subfield>
         <marc:subfield code="0">(DE-588)2170779-0</marc:subfield>
         <marc:subfield code="0">(DE-627)24538491X</marc:subfield>
         <marc:subfield code="0">(DE-576)196991757</marc:subfield>
         <marc:subfield code="4">oth</marc:subfield>
      </marc:datafield>
      <marc:datafield tag="710" ind1="2" ind2=" ">
         <marc:subfield code="a">Wilde Bühne</marc:subfield>
         <marc:subfield code="0">(DE-588)2162436-7</marc:subfield>
         <marc:subfield code="0">(DE-627)22540320X</marc:subfield>
         <marc:subfield code="0">(DE-576)196116430</marc:subfield>
         <marc:subfield code="4">oth</marc:subfield>
      </marc:datafield>
      <marc:datafield tag="850" ind1=" " ind2=" ">
         <marc:subfield code="a">aa</marc:subfield>
      </marc:datafield>
      <marc:datafield tag="856" ind1="4" ind2="2">
         <marc:subfield code="u">http://d-nb.info/953825965/04</marc:subfield>
         <marc:subfield code="m">B:DE-101</marc:subfield>
         <marc:subfield code="q">pdf/application</marc:subfield>
         <marc:subfield code="v">20161127003401</marc:subfield>
         <marc:subfield code="x">Verlag</marc:subfield>
         <marc:subfield code="3">Inhaltsverzeichnis</marc:subfield>
      </marc:datafield>
      <marc:datafield tag="935" ind1=" " ind2=" ">
         <marc:subfield code="i">Blocktest</marc:subfield>
      </marc:datafield>
      <marc:datafield tag="936" ind1="r" ind2="v">
         <marc:subfield code="a">DG 9440</marc:subfield>
         <marc:subfield code="b">Darstellendes Spiel</marc:subfield>
         <marc:subfield code="k">Pädagogik</marc:subfield>
         <marc:subfield code="k">Spezialfragen der Erziehung</marc:subfield>
         <marc:subfield code="k">Spiel, Spieltheorie, Erziehung durch Spiel, Spielplätze u.ä.</marc:subfield>
         <marc:subfield code="k">Darstellendes Spiel</marc:subfield>
         <marc:subfield code="0">(DE-627)1270769537</marc:subfield>
         <marc:subfield code="0">(DE-625)rvk/19566:</marc:subfield>
         <marc:subfield code="0">(DE-576)200769537</marc:subfield>
      </marc:datafield>
      <marc:datafield tag="936" ind1="r" ind2="v">
         <marc:subfield code="a">AP 69050</marc:subfield>
         <marc:subfield code="b">Freies Theater, Straßentheater</marc:subfield>
         <marc:subfield code="k">Allgemeines</marc:subfield>
         <marc:subfield code="k">Medien- und Kommunikationswissenschaften, Kommunikationsdesign</marc:subfield>
         <marc:subfield code="k">Theater</marc:subfield>
         <marc:subfield code="k">Theaterarten</marc:subfield>
         <marc:subfield code="k">Freies Theater, Straßentheater</marc:subfield>
         <marc:subfield code="0">(DE-627)127069197X</marc:subfield>
         <marc:subfield code="0">(DE-625)rvk/7871:</marc:subfield>
         <marc:subfield code="0">(DE-576)20069197X</marc:subfield>
      </marc:datafield>
      <marc:datafield tag="936" ind1="b" ind2="k">
         <marc:subfield code="a">24.13</marc:subfield>
         <marc:subfield code="j">Theatergattungen</marc:subfield>
         <marc:subfield code="j">Theatersparten</marc:subfield>
         <marc:subfield code="0">(DE-627)106405683</marc:subfield>
      </marc:datafield>
      <marc:datafield tag="936" ind1="b" ind2="k">
         <marc:subfield code="a">24.05</marc:subfield>
         <marc:subfield code="j">Systematische Theaterwissenschaft</marc:subfield>
         <marc:subfield code="0">(DE-627)106405837</marc:subfield>
      </marc:datafield>
      <marc:datafield tag="951" ind1=" " ind2=" ">
         <marc:subfield code="a">BO</marc:subfield>
      </marc:datafield>
   </marc:record>