
   <marc:record>
      <marc:leader>     cam a22        4500</marc:leader>
      <marc:controlfield tag="001">079449719</marc:controlfield>
      <marc:controlfield tag="003">DE-576</marc:controlfield>
      <marc:controlfield tag="005">20201206200009.0</marc:controlfield>
      <marc:controlfield tag="007">tu</marc:controlfield>
      <marc:controlfield tag="008">980316s1998    xxk|||||      00| ||eng c</marc:controlfield>
      <marc:datafield tag="016" ind1="7" ind2=" ">
         <marc:subfield code="a">0415152305</marc:subfield>
         <marc:subfield code="2">UK</marc:subfield>
      </marc:datafield>
      <marc:datafield tag="020" ind1=" " ind2=" ">
         <marc:subfield code="a">0415152305</marc:subfield>
         <marc:subfield code="c">hbk : £45.00</marc:subfield>
         <marc:subfield code="9">0-415-15230-5</marc:subfield>
      </marc:datafield>
      <marc:datafield tag="020" ind1=" " ind2=" ">
         <marc:subfield code="a">0415152313</marc:subfield>
         <marc:subfield code="c">pbk : £14.99</marc:subfield>
         <marc:subfield code="9">0-415-15231-3</marc:subfield>
      </marc:datafield>
      <marc:datafield tag="035" ind1=" " ind2=" ">
         <marc:subfield code="a">(DE-627)241372992</marc:subfield>
      </marc:datafield>
      <marc:datafield tag="035" ind1=" " ind2=" ">
         <marc:subfield code="a">(DE-576)079449719</marc:subfield>
      </marc:datafield>
      <marc:datafield tag="035" ind1=" " ind2=" ">
         <marc:subfield code="a">(DE-599)GBV241372992</marc:subfield>
      </marc:datafield>
      <marc:datafield tag="035" ind1=" " ind2=" ">
         <marc:subfield code="a">(OCoLC)260093608</marc:subfield>
      </marc:datafield>
      <marc:datafield tag="035" ind1=" " ind2=" ">
         <marc:subfield code="a">(OCoLC)37928435</marc:subfield>
      </marc:datafield>
      <marc:datafield tag="035" ind1=" " ind2=" ">
         <marc:subfield code="a">(DE-604)8126151792</marc:subfield>
      </marc:datafield>
      <marc:datafield tag="040" ind1=" " ind2=" ">
         <marc:subfield code="a">DE-576</marc:subfield>
         <marc:subfield code="b">ger</marc:subfield>
         <marc:subfield code="c">DE-576</marc:subfield>
         <marc:subfield code="e">rakwb</marc:subfield>
      </marc:datafield>
      <marc:datafield tag="041" ind1=" " ind2=" ">
         <marc:subfield code="a">eng</marc:subfield>
      </marc:datafield>
      <marc:datafield tag="044" ind1=" " ind2=" ">
         <marc:subfield code="c">XA-GB</marc:subfield>
      </marc:datafield>
      <marc:datafield tag="082" ind1="0" ind2=" ">
         <marc:subfield code="a">792.022</marc:subfield>
      </marc:datafield>
      <marc:datafield tag="082" ind1="0" ind2=" ">
         <marc:subfield code="a">792/.022</marc:subfield>
      </marc:datafield>
      <marc:datafield tag="084" ind1=" " ind2=" ">
         <marc:subfield code="a">AP 70050</marc:subfield>
         <marc:subfield code="2">rvk</marc:subfield>
         <marc:subfield code="0">(DE-625)rvk/7882:</marc:subfield>
      </marc:datafield>
      <marc:datafield tag="084" ind1=" " ind2=" ">
         <marc:subfield code="a">24.13</marc:subfield>
         <marc:subfield code="2">bkl</marc:subfield>
      </marc:datafield>
      <marc:datafield tag="245" ind1="1" ind2="0">
         <marc:subfield code="a">Radical street performance</marc:subfield>
         <marc:subfield code="b">an international anthology</marc:subfield>
         <marc:subfield code="c">edited and with introductions by Jan Cohen-Cruz</marc:subfield>
      </marc:datafield>
      <marc:datafield tag="250" ind1=" " ind2=" ">
         <marc:subfield code="a">1. publ.</marc:subfield>
      </marc:datafield>
      <marc:datafield tag="263" ind1=" " ind2=" ">
         <marc:subfield code="a">(pbk) : £14.99 ; cased ;  : £45.00 : Formerly CIP</marc:subfield>
      </marc:datafield>
      <marc:datafield tag="264" ind1=" " ind2="1">
         <marc:subfield code="a">London</marc:subfield>
         <marc:subfield code="b">Routledge</marc:subfield>
         <marc:subfield code="c">1998</marc:subfield>
      </marc:datafield>
      <marc:datafield tag="300" ind1=" " ind2=" ">
         <marc:subfield code="a">XXII, 302 S</marc:subfield>
         <marc:subfield code="b">Ill</marc:subfield>
         <marc:subfield code="c">25 cm</marc:subfield>
      </marc:datafield>
      <marc:datafield tag="336" ind1=" " ind2=" ">
         <marc:subfield code="a">Text</marc:subfield>
         <marc:subfield code="b">txt</marc:subfield>
         <marc:subfield code="2">rdacontent</marc:subfield>
      </marc:datafield>
      <marc:datafield tag="337" ind1=" " ind2=" ">
         <marc:subfield code="a">ohne Hilfsmittel zu benutzen</marc:subfield>
         <marc:subfield code="b">n</marc:subfield>
         <marc:subfield code="2">rdamedia</marc:subfield>
      </marc:datafield>
      <marc:datafield tag="338" ind1=" " ind2=" ">
         <marc:subfield code="a">Band</marc:subfield>
         <marc:subfield code="b">nc</marc:subfield>
         <marc:subfield code="2">rdacarrier</marc:subfield>
      </marc:datafield>
      <marc:datafield tag="500" ind1=" " ind2=" ">
         <marc:subfield code="a">Includes bibliographical references and index</marc:subfield>
      </marc:datafield>
      <marc:datafield tag="583" ind1="1" ind2=" ">
         <marc:subfield code="a">Archivierung/Langzeitarchivierung geplant</marc:subfield>
         <marc:subfield code="c">20200919</marc:subfield>
         <marc:subfield code="f">DE-640</marc:subfield>
         <marc:subfield code="z">1</marc:subfield>
         <marc:subfield code="2">pdager</marc:subfield>
      </marc:datafield>
      <marc:datafield tag="591" ind1=" " ind2=" ">
         <marc:subfield code="a">580 ff. bvb; 721 ddsu/sos ; 720 ff. (DDC): GBV/LOC ; IMD-Felder und 1131 maschinell ergänzt (SWB)</marc:subfield>
      </marc:datafield>
      <marc:datafield tag="650" ind1=" " ind2="4">
         <marc:subfield code="a">Theater</marc:subfield>
         <marc:subfield code="x">Political aspects</marc:subfield>
      </marc:datafield>
      <marc:datafield tag="650" ind1=" " ind2="4">
         <marc:subfield code="a">Street theater</marc:subfield>
      </marc:datafield>
      <marc:datafield tag="650" ind1=" " ind2="4">
         <marc:subfield code="a">Workers' theater</marc:subfield>
      </marc:datafield>
      <marc:datafield tag="650" ind1=" " ind2="4">
         <marc:subfield code="a">Demonstrations</marc:subfield>
      </marc:datafield>
      <marc:datafield tag="650" ind1=" " ind2="4">
         <marc:subfield code="a">Theater</marc:subfield>
         <marc:subfield code="x">Political aspects</marc:subfield>
      </marc:datafield>
      <marc:datafield tag="650" ind1=" " ind2="4">
         <marc:subfield code="a">Street theater</marc:subfield>
      </marc:datafield>
      <marc:datafield tag="650" ind1=" " ind2="4">
         <marc:subfield code="a">Workers' theater</marc:subfield>
      </marc:datafield>
      <marc:datafield tag="650" ind1=" " ind2="4">
         <marc:subfield code="a">Demonstrations</marc:subfield>
      </marc:datafield>
      <marc:datafield tag="655" ind1=" " ind2="7">
         <marc:subfield code="a">Aufsatzsammlung</marc:subfield>
         <marc:subfield code="0">(DE-588)4143413-4</marc:subfield>
         <marc:subfield code="0">(DE-627)105605727</marc:subfield>
         <marc:subfield code="0">(DE-576)209726091</marc:subfield>
         <marc:subfield code="2">gnd-content</marc:subfield>
      </marc:datafield>
      <marc:datafield tag="689" ind1="0" ind2="0">
         <marc:subfield code="D">s</marc:subfield>
         <marc:subfield code="0">(DE-588)4057922-0</marc:subfield>
         <marc:subfield code="0">(DE-627)106149172</marc:subfield>
         <marc:subfield code="0">(DE-576)209124083</marc:subfield>
         <marc:subfield code="a">Straßentheater</marc:subfield>
         <marc:subfield code="2">gnd</marc:subfield>
      </marc:datafield>
      <marc:datafield tag="689" ind1="0" ind2=" ">
         <marc:subfield code="5">(DE-627)</marc:subfield>
      </marc:datafield>
      <marc:datafield tag="700" ind1="1" ind2=" ">
         <marc:subfield code="a">Cohen-Cruz, Jan</marc:subfield>
         <marc:subfield code="d">1950-</marc:subfield>
         <marc:subfield code="e">Hrsg.</marc:subfield>
         <marc:subfield code="0">(DE-588)142031992</marc:subfield>
         <marc:subfield code="0">(DE-627)63268674X</marc:subfield>
         <marc:subfield code="0">(DE-576)327437626</marc:subfield>
         <marc:subfield code="4">edt</marc:subfield>
      </marc:datafield>
      <marc:datafield tag="850" ind1=" " ind2=" ">
         <marc:subfield code="a">ab</marc:subfield>
      </marc:datafield>
      <marc:datafield tag="856" ind1="4" ind2="2">
         <marc:subfield code="u">http://media.obvsg.at/AC02328057-1002</marc:subfield>
         <marc:subfield code="m">V:AT-OBV</marc:subfield>
         <marc:subfield code="q">text/html</marc:subfield>
         <marc:subfield code="v">20090625000000</marc:subfield>
         <marc:subfield code="3">Inhaltsverzeichnis</marc:subfield>
      </marc:datafield>
      <marc:datafield tag="935" ind1=" " ind2=" ">
         <marc:subfield code="i">Blocktest</marc:subfield>
      </marc:datafield>
      <marc:datafield tag="936" ind1="r" ind2="v">
         <marc:subfield code="a">AP 70050</marc:subfield>
         <marc:subfield code="b">Modernes Theater (Theater aktuell)</marc:subfield>
         <marc:subfield code="k">Allgemeines</marc:subfield>
         <marc:subfield code="k">Medien- und Kommunikationswissenschaften, Kommunikationsdesign</marc:subfield>
         <marc:subfield code="k">Theater</marc:subfield>
         <marc:subfield code="k">Gattungen des Theaterspiels</marc:subfield>
         <marc:subfield code="k">Modernes Theater (Theater aktuell)</marc:subfield>
         <marc:subfield code="0">(DE-627)1270692070</marc:subfield>
         <marc:subfield code="0">(DE-625)rvk/7882:</marc:subfield>
         <marc:subfield code="0">(DE-576)200692070</marc:subfield>
      </marc:datafield>
      <marc:datafield tag="936" ind1="b" ind2="k">
         <marc:subfield code="a">24.13</marc:subfield>
         <marc:subfield code="j">Theatergattungen</marc:subfield>
         <marc:subfield code="j">Theatersparten</marc:subfield>
         <marc:subfield code="0">(DE-627)106405683</marc:subfield>
      </marc:datafield>
      <marc:datafield tag="951" ind1=" " ind2=" ">
         <marc:subfield code="a">BO</marc:subfield>
      </marc:datafield>
   </marc:record>