
   <marc:record>
      <marc:leader>     cam a22        4500</marc:leader>
      <marc:controlfield tag="001">060044896</marc:controlfield>
      <marc:controlfield tag="003">DE-576</marc:controlfield>
      <marc:controlfield tag="005">20201111072433.0</marc:controlfield>
      <marc:controlfield tag="007">tu</marc:controlfield>
      <marc:controlfield tag="008">970815s1997    gw |||||      00| ||ger c</marc:controlfield>
      <marc:datafield tag="015" ind1=" " ind2=" ">
         <marc:subfield code="a">97,A35,1283</marc:subfield>
         <marc:subfield code="2">dnb</marc:subfield>
      </marc:datafield>
      <marc:datafield tag="016" ind1="7" ind2=" ">
         <marc:subfield code="a">950589551</marc:subfield>
         <marc:subfield code="2">DE-101</marc:subfield>
      </marc:datafield>
      <marc:datafield tag="020" ind1=" " ind2=" ">
         <marc:subfield code="a">3874072517</marc:subfield>
         <marc:subfield code="9">3-87407-251-7</marc:subfield>
      </marc:datafield>
      <marc:datafield tag="035" ind1=" " ind2=" ">
         <marc:subfield code="a">(DE-627)23222675X</marc:subfield>
      </marc:datafield>
      <marc:datafield tag="035" ind1=" " ind2=" ">
         <marc:subfield code="a">(DE-576)060044896</marc:subfield>
      </marc:datafield>
      <marc:datafield tag="035" ind1=" " ind2=" ">
         <marc:subfield code="a">(DE-599)GBV23222675X</marc:subfield>
      </marc:datafield>
      <marc:datafield tag="035" ind1=" " ind2=" ">
         <marc:subfield code="a">(OCoLC)632728409</marc:subfield>
      </marc:datafield>
      <marc:datafield tag="035" ind1=" " ind2=" ">
         <marc:subfield code="a">(OCoLC)43726586</marc:subfield>
      </marc:datafield>
      <marc:datafield tag="035" ind1=" " ind2=" ">
         <marc:subfield code="a">(OCoLC)632728409</marc:subfield>
      </marc:datafield>
      <marc:datafield tag="040" ind1=" " ind2=" ">
         <marc:subfield code="a">DE-576</marc:subfield>
         <marc:subfield code="b">ger</marc:subfield>
         <marc:subfield code="c">DE-576</marc:subfield>
         <marc:subfield code="e">rakwb</marc:subfield>
      </marc:datafield>
      <marc:datafield tag="041" ind1=" " ind2=" ">
         <marc:subfield code="a">ger</marc:subfield>
      </marc:datafield>
      <marc:datafield tag="044" ind1=" " ind2=" ">
         <marc:subfield code="c">XA-DE</marc:subfield>
         <marc:subfield code="c">XA-DE-BW</marc:subfield>
      </marc:datafield>
      <marc:datafield tag="084" ind1=" " ind2=" ">
         <marc:subfield code="a">63</marc:subfield>
         <marc:subfield code="a">49</marc:subfield>
         <marc:subfield code="2">sdnb</marc:subfield>
      </marc:datafield>
      <marc:datafield tag="084" ind1=" " ind2=" ">
         <marc:subfield code="a">9,10</marc:subfield>
         <marc:subfield code="2">ssgn</marc:subfield>
      </marc:datafield>
      <marc:datafield tag="084" ind1=" " ind2=" ">
         <marc:subfield code="a">NR 5970</marc:subfield>
         <marc:subfield code="2">rvk</marc:subfield>
         <marc:subfield code="0">(DE-625)rvk/129486:</marc:subfield>
      </marc:datafield>
      <marc:datafield tag="084" ind1=" " ind2=" ">
         <marc:subfield code="a">AP 71400</marc:subfield>
         <marc:subfield code="2">rvk</marc:subfield>
         <marc:subfield code="0">(DE-625)rvk/7896:</marc:subfield>
      </marc:datafield>
      <marc:datafield tag="084" ind1=" " ind2=" ">
         <marc:subfield code="a">NZ 74125</marc:subfield>
         <marc:subfield code="q">DE-24/20sred</marc:subfield>
         <marc:subfield code="2">rvk</marc:subfield>
         <marc:subfield code="0">(DE-625)rvk/162965:</marc:subfield>
      </marc:datafield>
      <marc:datafield tag="084" ind1=" " ind2=" ">
         <marc:subfield code="a">15.07</marc:subfield>
         <marc:subfield code="2">bkl</marc:subfield>
      </marc:datafield>
      <marc:datafield tag="084" ind1=" " ind2=" ">
         <marc:subfield code="a">15.55</marc:subfield>
         <marc:subfield code="2">bkl</marc:subfield>
      </marc:datafield>
      <marc:datafield tag="100" ind1="1" ind2=" ">
         <marc:subfield code="a">Berger, Ute Christine</marc:subfield>
         <marc:subfield code="0">(DE-588)115437037</marc:subfield>
         <marc:subfield code="0">(DE-627)691317348</marc:subfield>
         <marc:subfield code="0">(DE-576)289883555</marc:subfield>
         <marc:subfield code="4">aut</marc:subfield>
      </marc:datafield>
      <marc:datafield tag="245" ind1="1" ind2="4">
         <marc:subfield code="a">Die Feste des Herzogs Carl Eugen von Württemberg</marc:subfield>
         <marc:subfield code="c">Ute Christine Berger</marc:subfield>
      </marc:datafield>
      <marc:datafield tag="264" ind1=" " ind2="1">
         <marc:subfield code="a">Tübingen</marc:subfield>
         <marc:subfield code="b">Silberburg-Verl.</marc:subfield>
         <marc:subfield code="c">1997</marc:subfield>
      </marc:datafield>
      <marc:datafield tag="300" ind1=" " ind2=" ">
         <marc:subfield code="a">217 S.</marc:subfield>
         <marc:subfield code="b">zahlr. Ill., graph. Darst.</marc:subfield>
         <marc:subfield code="c">24 cm</marc:subfield>
      </marc:datafield>
      <marc:datafield tag="336" ind1=" " ind2=" ">
         <marc:subfield code="a">Text</marc:subfield>
         <marc:subfield code="b">txt</marc:subfield>
         <marc:subfield code="2">rdacontent</marc:subfield>
      </marc:datafield>
      <marc:datafield tag="337" ind1=" " ind2=" ">
         <marc:subfield code="a">ohne Hilfsmittel zu benutzen</marc:subfield>
         <marc:subfield code="b">n</marc:subfield>
         <marc:subfield code="2">rdamedia</marc:subfield>
      </marc:datafield>
      <marc:datafield tag="338" ind1=" " ind2=" ">
         <marc:subfield code="a">Band</marc:subfield>
         <marc:subfield code="b">nc</marc:subfield>
         <marc:subfield code="2">rdacarrier</marc:subfield>
      </marc:datafield>
      <marc:datafield tag="500" ind1=" " ind2=" ">
         <marc:subfield code="a">Literaturverz. S. 213 - 215</marc:subfield>
      </marc:datafield>
      <marc:datafield tag="591" ind1=" " ind2=" ">
         <marc:subfield code="a">590:S1LB/sgi ; IMD-Felder und 1131 maschinell ergänzt (SWB)</marc:subfield>
      </marc:datafield>
      <marc:datafield tag="689" ind1="0" ind2="0">
         <marc:subfield code="D">p</marc:subfield>
         <marc:subfield code="0">(DE-588)118560158</marc:subfield>
         <marc:subfield code="0">(DE-627)079357008</marc:subfield>
         <marc:subfield code="0">(DE-576)161653952</marc:subfield>
         <marc:subfield code="a">Karl Eugen</marc:subfield>
         <marc:subfield code="c">Württemberg, Herzog</marc:subfield>
         <marc:subfield code="d">1728-1793</marc:subfield>
         <marc:subfield code="2">gnd</marc:subfield>
      </marc:datafield>
      <marc:datafield tag="689" ind1="0" ind2="1">
         <marc:subfield code="D">s</marc:subfield>
         <marc:subfield code="0">(DE-588)4025453-7</marc:subfield>
         <marc:subfield code="0">(DE-627)106293397</marc:subfield>
         <marc:subfield code="0">(DE-576)208960856</marc:subfield>
         <marc:subfield code="a">Hof</marc:subfield>
         <marc:subfield code="2">gnd</marc:subfield>
      </marc:datafield>
      <marc:datafield tag="689" ind1="0" ind2="2">
         <marc:subfield code="D">s</marc:subfield>
         <marc:subfield code="0">(DE-588)4121260-5</marc:subfield>
         <marc:subfield code="0">(DE-627)10577071X</marc:subfield>
         <marc:subfield code="0">(DE-576)209541814</marc:subfield>
         <marc:subfield code="a">Fest</marc:subfield>
         <marc:subfield code="2">gnd</marc:subfield>
      </marc:datafield>
      <marc:datafield tag="689" ind1="0" ind2=" ">
         <marc:subfield code="5">DE-101</marc:subfield>
      </marc:datafield>
      <marc:datafield tag="935" ind1=" " ind2=" ">
         <marc:subfield code="i">Blocktest</marc:subfield>
      </marc:datafield>
      <marc:datafield tag="936" ind1="r" ind2="v">
         <marc:subfield code="a">NR 5970</marc:subfield>
         <marc:subfield code="b">Einzelbeiträge</marc:subfield>
         <marc:subfield code="k">Geschichte</marc:subfield>
         <marc:subfield code="k">Landes- und Stadtgeschichte (Allgemeine, Deutsche und Österreichische Landes- und Stadtgeschichte, Ausländische Stadtgeschichte, Geschichte der Auslanddeutschen)</marc:subfield>
         <marc:subfield code="k">Deutsche Landesgeschichte im Einzelnen (einschl. ehemaliger deutscher Gebiete)</marc:subfield>
         <marc:subfield code="k">Baden-Württemberg mit Oberrheinland</marc:subfield>
         <marc:subfield code="k">Einzelbeiträge</marc:subfield>
         <marc:subfield code="0">(DE-627)1271474042</marc:subfield>
         <marc:subfield code="0">(DE-625)rvk/129486:</marc:subfield>
         <marc:subfield code="0">(DE-576)201474042</marc:subfield>
      </marc:datafield>
      <marc:datafield tag="936" ind1="r" ind2="v">
         <marc:subfield code="a">AP 71400</marc:subfield>
         <marc:subfield code="b">Festtheater, Aufzüge</marc:subfield>
         <marc:subfield code="k">Allgemeines</marc:subfield>
         <marc:subfield code="k">Medien- und Kommunikationswissenschaften, Kommunikationsdesign</marc:subfield>
         <marc:subfield code="k">Theater</marc:subfield>
         <marc:subfield code="k">Gattungen des Theaterspiels</marc:subfield>
         <marc:subfield code="k">Festtheater, Aufzüge</marc:subfield>
         <marc:subfield code="0">(DE-627)1270692216</marc:subfield>
         <marc:subfield code="0">(DE-625)rvk/7896:</marc:subfield>
         <marc:subfield code="0">(DE-576)200692216</marc:subfield>
      </marc:datafield>
      <marc:datafield tag="936" ind1="r" ind2="v">
         <marc:subfield code="a">NZ 74125</marc:subfield>
         <marc:subfield code="b">Frühe Neuzeit</marc:subfield>
         <marc:subfield code="k">Geschichte</marc:subfield>
         <marc:subfield code="k">Regionale Landeskunde</marc:subfield>
         <marc:subfield code="k">Baden-Württemberg</marc:subfield>
         <marc:subfield code="k">Landesgeschichte regional</marc:subfield>
         <marc:subfield code="k">Geschichte einzelner Territorien</marc:subfield>
         <marc:subfield code="k">Württemberg (bis 1945)</marc:subfield>
         <marc:subfield code="k">Geschichte Württemberg in einzelnen Epochen (themenübergreifend)</marc:subfield>
         <marc:subfield code="k">Frühe Neuzeit</marc:subfield>
         <marc:subfield code="0">(DE-627)168578626X</marc:subfield>
         <marc:subfield code="0">(DE-625)rvk/162965:</marc:subfield>
      </marc:datafield>
      <marc:datafield tag="936" ind1="b" ind2="k">
         <marc:subfield code="a">15.07</marc:subfield>
         <marc:subfield code="j">Kulturgeschichte</marc:subfield>
         <marc:subfield code="0">(DE-627)181569620</marc:subfield>
      </marc:datafield>
      <marc:datafield tag="936" ind1="b" ind2="k">
         <marc:subfield code="a">15.55</marc:subfield>
         <marc:subfield code="j">Baden-Württemberg</marc:subfield>
         <marc:subfield code="x">Geschichte</marc:subfield>
         <marc:subfield code="0">(DE-627)181571617</marc:subfield>
      </marc:datafield>
      <marc:datafield tag="951" ind1=" " ind2=" ">
         <marc:subfield code="a">BO</marc:subfield>
      </marc:datafield>
   </marc:record>