
   <marc:record>
      <marc:leader>     cam a22        4500</marc:leader>
      <marc:controlfield tag="001">057142416</marc:controlfield>
      <marc:controlfield tag="003">DE-576</marc:controlfield>
      <marc:controlfield tag="005">20200406125511.0</marc:controlfield>
      <marc:controlfield tag="007">tu</marc:controlfield>
      <marc:controlfield tag="008">970205s1997    gw |||||      00| ||ger c</marc:controlfield>
      <marc:datafield tag="015" ind1=" " ind2=" ">
         <marc:subfield code="a">97,N06,0585</marc:subfield>
         <marc:subfield code="2">dnb</marc:subfield>
      </marc:datafield>
      <marc:datafield tag="015" ind1=" " ind2=" ">
         <marc:subfield code="a">00,A19,1331</marc:subfield>
         <marc:subfield code="2">dnb</marc:subfield>
      </marc:datafield>
      <marc:datafield tag="016" ind1="7" ind2=" ">
         <marc:subfield code="a">949539694</marc:subfield>
         <marc:subfield code="2">DE-101</marc:subfield>
      </marc:datafield>
      <marc:datafield tag="020" ind1=" " ind2=" ">
         <marc:subfield code="a">3894681098</marc:subfield>
         <marc:subfield code="c"> : DM 48.00, sfr 45.00, S 350.00 (brosch.)</marc:subfield>
         <marc:subfield code="9">3-89468-109-8</marc:subfield>
      </marc:datafield>
      <marc:datafield tag="035" ind1=" " ind2=" ">
         <marc:subfield code="a">(DE-627)223425834</marc:subfield>
      </marc:datafield>
      <marc:datafield tag="035" ind1=" " ind2=" ">
         <marc:subfield code="a">(DE-576)057142416</marc:subfield>
      </marc:datafield>
      <marc:datafield tag="035" ind1=" " ind2=" ">
         <marc:subfield code="a">(DE-599)GBV223425834</marc:subfield>
      </marc:datafield>
      <marc:datafield tag="035" ind1=" " ind2=" ">
         <marc:subfield code="a">(OCoLC)260053572</marc:subfield>
      </marc:datafield>
      <marc:datafield tag="035" ind1=" " ind2=" ">
         <marc:subfield code="a">(OCoLC)37951647</marc:subfield>
      </marc:datafield>
      <marc:datafield tag="035" ind1=" " ind2=" ">
         <marc:subfield code="a">(OCoLC)260053572</marc:subfield>
      </marc:datafield>
      <marc:datafield tag="035" ind1=" " ind2=" ">
         <marc:subfield code="a">(DE-478)952072749</marc:subfield>
      </marc:datafield>
      <marc:datafield tag="040" ind1=" " ind2=" ">
         <marc:subfield code="a">DE-576</marc:subfield>
         <marc:subfield code="b">ger</marc:subfield>
         <marc:subfield code="c">DE-576</marc:subfield>
         <marc:subfield code="e">rakwb</marc:subfield>
      </marc:datafield>
      <marc:datafield tag="041" ind1=" " ind2=" ">
         <marc:subfield code="a">ger</marc:subfield>
         <marc:subfield code="a">eng</marc:subfield>
      </marc:datafield>
      <marc:datafield tag="044" ind1=" " ind2=" ">
         <marc:subfield code="c">XA-DE</marc:subfield>
      </marc:datafield>
      <marc:datafield tag="050" ind1=" " ind2="0">
         <marc:subfield code="a">GV1785.K7</marc:subfield>
      </marc:datafield>
      <marc:datafield tag="084" ind1=" " ind2=" ">
         <marc:subfield code="a">49</marc:subfield>
         <marc:subfield code="2">sdnb</marc:subfield>
      </marc:datafield>
      <marc:datafield tag="084" ind1=" " ind2=" ">
         <marc:subfield code="a">AP 87350</marc:subfield>
         <marc:subfield code="2">rvk</marc:subfield>
         <marc:subfield code="0">(DE-625)rvk/8088:</marc:subfield>
      </marc:datafield>
      <marc:datafield tag="084" ind1=" " ind2=" ">
         <marc:subfield code="a">24.01</marc:subfield>
         <marc:subfield code="2">bkl</marc:subfield>
      </marc:datafield>
      <marc:datafield tag="084" ind1=" " ind2=" ">
         <marc:subfield code="a">24.15</marc:subfield>
         <marc:subfield code="2">bkl</marc:subfield>
      </marc:datafield>
      <marc:datafield tag="245" ind1="1" ind2="4">
         <marc:subfield code="a">Der Tänzer Harald Kreutzberg</marc:subfield>
         <marc:subfield code="c">Deutsches Tanzarchiv Köln. Hrsg. von Frank-Manuel Peter.  [Text: Brigitta Weber ... Vorw. transl. by Ellen Lempert]</marc:subfield>
      </marc:datafield>
      <marc:datafield tag="250" ind1=" " ind2=" ">
         <marc:subfield code="a">1. Aufl.</marc:subfield>
      </marc:datafield>
      <marc:datafield tag="263" ind1=" " ind2=" ">
         <marc:subfield code="a">brosch. : DM 48.00, sfr 45.00, S 350.00</marc:subfield>
      </marc:datafield>
      <marc:datafield tag="264" ind1=" " ind2="1">
         <marc:subfield code="a">Berlin</marc:subfield>
         <marc:subfield code="b">Ed. Hentrich</marc:subfield>
         <marc:subfield code="c">1997</marc:subfield>
      </marc:datafield>
      <marc:datafield tag="300" ind1=" " ind2=" ">
         <marc:subfield code="a">240 S</marc:subfield>
         <marc:subfield code="b">zahlr. Ill</marc:subfield>
         <marc:subfield code="c">28 cm</marc:subfield>
      </marc:datafield>
      <marc:datafield tag="336" ind1=" " ind2=" ">
         <marc:subfield code="a">Text</marc:subfield>
         <marc:subfield code="b">txt</marc:subfield>
         <marc:subfield code="2">rdacontent</marc:subfield>
      </marc:datafield>
      <marc:datafield tag="337" ind1=" " ind2=" ">
         <marc:subfield code="a">ohne Hilfsmittel zu benutzen</marc:subfield>
         <marc:subfield code="b">n</marc:subfield>
         <marc:subfield code="2">rdamedia</marc:subfield>
      </marc:datafield>
      <marc:datafield tag="338" ind1=" " ind2=" ">
         <marc:subfield code="a">Band</marc:subfield>
         <marc:subfield code="b">nc</marc:subfield>
         <marc:subfield code="2">rdacarrier</marc:subfield>
      </marc:datafield>
      <marc:datafield tag="500" ind1=" " ind2=" ">
         <marc:subfield code="a">Werkverz. Harald Kreutzberg S. 222 - 234</marc:subfield>
      </marc:datafield>
      <marc:datafield tag="500" ind1=" " ind2=" ">
         <marc:subfield code="a">With English abstracts</marc:subfield>
      </marc:datafield>
      <marc:datafield tag="546" ind1=" " ind2=" ">
         <marc:subfield code="a">Vorw. dt. und engl.</marc:subfield>
      </marc:datafield>
      <marc:datafield tag="591" ind1=" " ind2=" ">
         <marc:subfield code="a">IMD-Felder und 1131 maschinell ergänzt (SWB)</marc:subfield>
      </marc:datafield>
      <marc:datafield tag="653" ind1=" " ind2="0">
         <marc:subfield code="a">Kreutzberg, Harald</marc:subfield>
         <marc:subfield code="a">1902-</marc:subfield>
      </marc:datafield>
      <marc:datafield tag="653" ind1=" " ind2="0">
         <marc:subfield code="a">Dancers</marc:subfield>
         <marc:subfield code="a">Germany</marc:subfield>
         <marc:subfield code="a">Biography</marc:subfield>
      </marc:datafield>
      <marc:datafield tag="653" ind1=" " ind2="0">
         <marc:subfield code="a">Modern dance</marc:subfield>
         <marc:subfield code="a">Germany</marc:subfield>
         <marc:subfield code="a">History</marc:subfield>
      </marc:datafield>
      <marc:datafield tag="655" ind1=" " ind2="7">
         <marc:subfield code="a">Aufsatzsammlung</marc:subfield>
         <marc:subfield code="0">(DE-588)4143413-4</marc:subfield>
         <marc:subfield code="0">(DE-627)105605727</marc:subfield>
         <marc:subfield code="0">(DE-576)209726091</marc:subfield>
         <marc:subfield code="2">gnd-content</marc:subfield>
      </marc:datafield>
      <marc:datafield tag="689" ind1="0" ind2="0">
         <marc:subfield code="D">p</marc:subfield>
         <marc:subfield code="0">(DE-588)118715992</marc:subfield>
         <marc:subfield code="0">(DE-627)079497675</marc:subfield>
         <marc:subfield code="0">(DE-576)209331143</marc:subfield>
         <marc:subfield code="a">Kreutzberg, Harald</marc:subfield>
         <marc:subfield code="d">1902-1968</marc:subfield>
         <marc:subfield code="2">gnd</marc:subfield>
      </marc:datafield>
      <marc:datafield tag="689" ind1="0" ind2=" ">
         <marc:subfield code="5">DE-101</marc:subfield>
      </marc:datafield>
      <marc:datafield tag="689" ind1="1" ind2="0">
         <marc:subfield code="D">p</marc:subfield>
         <marc:subfield code="0">(DE-588)118715992</marc:subfield>
         <marc:subfield code="0">(DE-627)079497675</marc:subfield>
         <marc:subfield code="0">(DE-576)209331143</marc:subfield>
         <marc:subfield code="a">Kreutzberg, Harald</marc:subfield>
         <marc:subfield code="d">1902-1968</marc:subfield>
         <marc:subfield code="2">gnd</marc:subfield>
      </marc:datafield>
      <marc:datafield tag="689" ind1="1" ind2=" ">
         <marc:subfield code="5">(DE-627)</marc:subfield>
      </marc:datafield>
      <marc:datafield tag="700" ind1="1" ind2=" ">
         <marc:subfield code="a">Peter, Frank-Manuel</marc:subfield>
         <marc:subfield code="d">1959-</marc:subfield>
         <marc:subfield code="e">Hrsg.</marc:subfield>
         <marc:subfield code="0">(DE-588)111243173</marc:subfield>
         <marc:subfield code="0">(DE-627)472296299</marc:subfield>
         <marc:subfield code="0">(DE-576)289696593</marc:subfield>
         <marc:subfield code="4">edt</marc:subfield>
      </marc:datafield>
      <marc:datafield tag="700" ind1="1" ind2=" ">
         <marc:subfield code="a">Weber, Brigitta</marc:subfield>
         <marc:subfield code="0">(DE-588)174286716</marc:subfield>
         <marc:subfield code="0">(DE-627)699173922</marc:subfield>
         <marc:subfield code="0">(DE-576)135115728</marc:subfield>
         <marc:subfield code="4">oth</marc:subfield>
      </marc:datafield>
      <marc:datafield tag="700" ind1="1" ind2=" ">
         <marc:subfield code="a">Lempert, Ellen</marc:subfield>
         <marc:subfield code="0">(DE-588)1056544171</marc:subfield>
         <marc:subfield code="0">(DE-627)794797830</marc:subfield>
         <marc:subfield code="0">(DE-576)412348241</marc:subfield>
         <marc:subfield code="4">oth</marc:subfield>
      </marc:datafield>
      <marc:datafield tag="710" ind1="2" ind2=" ">
         <marc:subfield code="a">Deutsches Tanzarchiv Köln</marc:subfield>
         <marc:subfield code="0">(DE-588)2115771-6</marc:subfield>
         <marc:subfield code="0">(DE-627)101466048</marc:subfield>
         <marc:subfield code="0">(DE-576)193704749</marc:subfield>
         <marc:subfield code="4">oth</marc:subfield>
      </marc:datafield>
      <marc:datafield tag="935" ind1=" " ind2=" ">
         <marc:subfield code="i">Blocktest</marc:subfield>
      </marc:datafield>
      <marc:datafield tag="936" ind1="r" ind2="v">
         <marc:subfield code="a">AP 87350</marc:subfield>
         <marc:subfield code="b">Biografien, Memoiren, Tagebücher, Briefe (CSN des Künstlers)</marc:subfield>
         <marc:subfield code="k">Allgemeines</marc:subfield>
         <marc:subfield code="k">Medien- und Kommunikationswissenschaften, Kommunikationsdesign</marc:subfield>
         <marc:subfield code="k">Tanz</marc:subfield>
         <marc:subfield code="k">Tanzkunst</marc:subfield>
         <marc:subfield code="k">Biografien, Memoiren, Tagebücher, Briefe (CSN des Künstlers)</marc:subfield>
         <marc:subfield code="0">(DE-627)1270693891</marc:subfield>
         <marc:subfield code="0">(DE-625)rvk/8088:</marc:subfield>
         <marc:subfield code="0">(DE-576)200693891</marc:subfield>
      </marc:datafield>
      <marc:datafield tag="936" ind1="b" ind2="k">
         <marc:subfield code="a">24.01</marc:subfield>
         <marc:subfield code="j">Darstellende Künstler</marc:subfield>
         <marc:subfield code="0">(DE-627)181571730</marc:subfield>
      </marc:datafield>
      <marc:datafield tag="936" ind1="b" ind2="k">
         <marc:subfield code="a">24.15</marc:subfield>
         <marc:subfield code="j">Tanzkunst</marc:subfield>
         <marc:subfield code="j">Bewegungskunst</marc:subfield>
         <marc:subfield code="0">(DE-627)10640606X</marc:subfield>
      </marc:datafield>
      <marc:datafield tag="951" ind1=" " ind2=" ">
         <marc:subfield code="a">BO</marc:subfield>
      </marc:datafield>
   </marc:record>